@misc{gptoolbox,
  title = {{gptoolbox}: Geometry Processing Toolbox},
  author = {Alec Jacobson and others},
  note = {http://github.com/alecjacobson/gptoolbox},
  year = {2018},
}