@book{Kales1968,
    title = {{A manual of standardized terminology, techniques and scoring system for sleep stages of human subjects.}},
    year = {1968},
    author = {{Rechtschaffen, Allan} and Kales, Anthony},
    editor = {Rechtschaffen, Allan and Kales, Anthony},
    publisher = {Bethesda, Md., U. S. National Institute of Neurological Diseases and Blindness, Neurological Information Network},
    address = {Los Angeles, CA}
}

@article{Sharon2017,
    title = {{Attenuated Fast Steady-State Visual Evoked Potentials During Human Sleep}},
    year = {2017},
    journal = {Cerebral Cortex},
    author = {Sharon, Omer and Nir, Yuval},
    pages = {1--15},
    url = {http://medicine.mytau.org/nir/wp-content/uploads/sites/9/2011/08/SharonNir2017.pdf},
    isbn = {2076792171},
    doi = {10.1093/cercor/bhx043},
    issn = {0142-6338},
    pmid = {27899565},
    arxivId = {1611.06654}
}

@article{Mak-Mccully2017,
    title = {{Coordination of cortical and thalamic activity during non-REM sleep in humans}},
    year = {2017},
    journal = {Nature Communications},
    author = {Mak-McCully, Rachel A. and Rolland, Matthieu and Sargsyan, Anna and Gonzalez, Chris and Magnin, Michel and Chauvel, Patrick and Rey, Marc and Bastuji, Hélène and Halgren, Eric},
    month = {5},
    pages = {15499},
    volume = {8},
    publisher = {Nature Publishing Group},
    url = {https://www.nature.com/articles/ncomms15499.pdf http://www.nature.com/doifinder/10.1038/ncomms15499},
    doi = {10.1038/ncomms15499},
    issn = {20411723},
    pmid = {28541306},
    keywords = {Non, REM sleep, Replay}
}

@article{Staresina2015,
    title = {{Hierarchical nesting of slow oscillations, spindles and ripples in the human hippocampus during sleep}},
    year = {2015},
    journal = {Nature Neuroscience},
    author = {Staresina, Bernhard P and Bergmann, Til Ole and Bonnefond, Mathilde and Van Der Meij, Roemer and Jensen, Ole and Deuker, Lorena and Elger, Christian E and Axmacher, Nikolai and Fell, Juergen},
    number = {11},
    pages = {1679--1686},
    volume = {18},
    url = {https://www.nature.com/neuro/journal/v18/n11/pdf/nn.4119.pdf},
    isbn = {1546-1726 (Electronic){\textbackslash}r1097-6256 (Linking)},
    doi = {10.1038/nn.4119},
    issn = {15461726},
    pmid = {26389842}
}

@article{Steriade2001,
    title = {{Natural Waking and Sleep States: A View From Inside Neocortical Neurons}},
    year = {2001},
    journal = {Journal of Neurophysiology},
    author = {Steriade, M. and Timofeev, I. and Grenier, F.},
    number = {5},
    month = {5},
    pages = {1969--1985},
    volume = {85},
    publisher = {American Physiological SocietyBethesda, MD},
    url = {http://www.physiology.org/doi/10.1152/jn.2001.85.5.1969},
    isbn = {0022-3077},
    doi = {10.1152/jn.2001.85.5.1969},
    issn = {0022-3077},
    pmid = {11353014}
}

@article{Nir2011,
    title = {{Regional Slow Waves and Spindles in Human Sleep}},
    year = {2011},
    journal = {Neuron},
    author = {Nir, Yuval and Staba, Richard J and Andrillon, Thomas and Vyazovskiy, Vladyslav V and Cirelli, Chiara and Fried, Itzhak and Tononi, Giulio},
    number = {1},
    month = {4},
    pages = {153--169},
    volume = {70},
    publisher = {Elsevier},
    url = {http://www.ncbi.nlm.nih.gov/pubmed/21482364 http://www.pubmedcentral.nih.gov/articlerender.fcgi?artid=PMC3108825},
    isbn = {1097-4199 (Electronic){\textbackslash}n0896-6273 (Linking)},
    doi = {10.1016/j.neuron.2011.02.043},
    issn = {08966273},
    pmid = {21482364}
}

@article{Nir2017,
    title = {{Selective neuronal lapses precede human cognitive lapses following sleep deprivation}},
    year = {2017},
    journal = {Nature Medicine},
    author = {Nir, Yuval and Andrillon, Thomas and Marmelshtein, Amit and Suthana, Nanthia and Cirelli, Chiara and Tononi, Giulio and Fried, Itzhak},
    number = {12},
    month = {11},
    pages = {1474--1480},
    volume = {23},
    publisher = {Nature Publishing Group},
    url = {http://www.nature.com/doifinder/10.1038/nm.4433},
    isbn = {1546-170X (Electronic) 1078-8956 (Linking)},
    doi = {10.1038/nm.4433},
    issn = {1546170X},
    pmid = {29106402},
    keywords = {Sleep deprivation, Sleep disorders}
}

@article{Halgren2018,
    title = {{Superficial Slow Rhythms Integrate Cortical Processing in Humans}},
    year = {2018},
    journal = {Scientific Reports},
    author = {Halgren, Milan and Fab{\'{o}}, Daniel and Ulbert, István and Madsen, Joseph R. and Eross, Lorand and Doyle, Werner K. and Devinsky, Orrin and Schomer, Donald and Cash, Sydney S. and Halgren, Eric},
    number = {1},
    month = {12},
    pages = {2055},
    volume = {8},
    publisher = {Nature Publishing Group},
    url = {http://www.nature.com/articles/s41598-018-20662-0},
    isbn = {4159801820662},
    doi = {10.1038/s41598-018-20662-0},
    issn = {20452322},
    pmid = {29391596},
    arxivId = {http://dx.doi.org/10.1101/202549},
    keywords = {Cognitive neuroscience, Neural circuits}
}

@misc{Crunelli2010,
    title = {{The slow (1 Hz) rhythm of non-REM sleep: A dialogue between three cardinal oscillators}},
    year = {2010},
    booktitle = {Nature Neuroscience},
    author = {Crunelli, Vincenzo and Hughes, Stuart W},
    number = {1},
    pages = {9--17},
    volume = {13},
    url = {https://www.nature.com/neuro/journal/v13/n1/pdf/nn.2445.pdf},
    isbn = {1097-6256},
    doi = {10.1038/nn.2445},
    issn = {10976256},
    pmid = {19966841},
    arxivId = {NIHMS150003}
}

@article{Rodriguez2016,
    title = {{Why Does Sleep Slow-Wave Activity Increase After Extended Wake? Assessing the Effects of Increased Cortical Firing During Wake and Sleep}},
    year = {2016},
    journal = {The Journal of Neuroscience},
    author = {Rodriguez, Alexander V and Funk, Chadd M and Vyazovskiy, Vladyslav V and Nir, X Yuval and Tononi, Giulio and Cirelli, X Chiara and Nir, Yuval and Tononi, Giulio and Cirelli, Chiara},
    number = {49},
    month = {12},
    pages = {12436--12447},
    volume = {36},
    publisher = {Society for Neuroscience},
    url = {http://www.ncbi.nlm.nih.gov/pubmed/27927960 http://www.pubmedcentral.nih.gov/articlerender.fcgi?artid=PMC5148229 http://www.jneurosci.org/lookup/doi/10.1523/JNEUROSCI.1614-16.2016 http://medicine.mytau.org/nir/wp-content/uploads/sites/9/2011/08/Rodriguez_},
    isbn = {0270-6474},
    doi = {10.1523/JNEUROSCI.1614-16.2016},
    issn = {0270-6474},
    pmid = {27927960},
    keywords = {NREM sleep, cerebral cortex, fatigue, mouse, optogenetics, sleep deprivation}
}

@article{Balocco20083DEvaluation,
    title = {{3D dynamic model of healthy and pathologic arteries for ultrasound technique evaluation}},
    year = {2008},
    journal = {Medical Physics},
    author = {Balocco, Simone and Basset, Olivier and Azencot, Jacques and Tortoli, Piero and Cachard, Christian},
    number = {12},
    month = {11},
    pages = {5440--5450},
    volume = {35},
    publisher = {American Association of Physicists in Medicine},
    url = {http://doi.wiley.com/10.1118/1.3006948},
    doi = {10.1118/1.3006948},
    issn = {00942405},
    keywords = {3D model, Doppler effect, Doppler ultrasonography, Finite element calculations, Finite element methods, Flow visualization, Fluid mechanics and rheology, General theory and mathematical aspects, Haemodynamics, Hemodynamics, Medical imaging, Segmentation, Tissues, Ultrasonics, Ultrasonography, Vascular system, acoustic, arterial mechanics, bifurcation, biomedical ultrasonics, blood vessels, elasticity, finite element analysis, fluid dynamics, haemodynamics, image segmentation, medical image processing, phantoms, physiological models, ultrasound measurements}
}

@article{Stankovic20144DMRI.,
    title = {{4D flow imaging with MRI.}},
    year = {2014},
    journal = {Cardiovascular diagnosis and therapy},
    author = {Stankovic, Zoran and Allen, Bradley D and Garcia, Julio and Jarvis, Kelly B and Markl, Michael},
    number = {2},
    month = {4},
    pages = {173--92},
    volume = {4},
    publisher = {AME Publications},
    url = {http://www.ncbi.nlm.nih.gov/pubmed/24834414 http://www.pubmedcentral.nih.gov/articlerender.fcgi?artid=PMC3996243},
    doi = {10.3978/j.issn.2223-3652.2014.01.02},
    issn = {2223-3652},
    pmid = {24834414},
    keywords = {4D flow magnetic resonance imaging (4D flow MRI), PC-VIPR, aorta, blood flow, carotid bifurcation, heart, hemodynamics, liver hemodynamics, peripheral arteries, phase contrast magnetic resonance imaging (PC-MRI), pulmonary arteries, quantification, renal arteries, splanchnic vessel system, visualization}
}

@article{Rivera-Rivera4DDisease,
    title = {{4D flow MRI for intracranial hemodynamics assessment in Alzheimer's disease}},
    author = {Rivera-Rivera, Leonardo A and Turski, Patrick and Johnson, Kevin M and Hoffman, Carson and Berman, Sara E and Kilgas, Phillip and Rowley, Howard A and Carlsson, Cynthia M and Johnson, Sterling C and Wieben, Oliver},
    url = {http://journals.sagepub.com/doi/pdf/10.1177/0271678X15617171},
    doi = {10.1177/0271678X15617171},
    keywords = {4D flow MRI, Alzheimer's disease, circle of Willis, mean blood flow, pulsatility index}
}

@article{GHAPORHUSSin2010AModel,
    title = {{A Complex Linear Regression Model}},
    year = {2010},
    journal = {Sains Malaysiana},
    author = {GHAPOR HUSSin, Abdul and AniDA ABDULLAH, nORLi and MOHAMeD, iBRAHiM},
    number = {3},
    pages = {491--494},
    volume = {39},
    url = {http://www.ukm.my/jsm/pdf_files/SM-PDF-39-3-2010/22%20Abdul%20Ghapor.pdf},
    keywords = {Circular variables, Kolmogorov-Smirnov test, complex linear regression model, ordinary regression model}
}

@article{Iliff2012A.,
    title = {{A paravascular pathway facilitates CSF flow through the brain parenchyma and the clearance of interstitial solutes, including amyloid {$\beta$}.}},
    year = {2012},
    journal = {Science translational medicine},
    author = {Iliff, Jeffrey J and Wang, Minghuan and Liao, Yonghong and Plogg, Benjamin A and Peng, Weiguo and Gundersen, Georg A and Benveniste, Helene and Vates, G Edward and Deane, Rashid and Goldman, Steven A and Nagelhus, Erlend A and Nedergaard, Maiken},
    number = {147},
    month = {8},
    pages = {147ra111},
    volume = {4},
    publisher = {American Association for the Advancement of Science},
    url = {http://www.ncbi.nlm.nih.gov/pubmed/22896675 http://www.pubmedcentral.nih.gov/articlerender.fcgi?artid=PMC3551275},
    doi = {10.1126/scitranslmed.3003748},
    issn = {1946-6242},
    pmid = {22896675}
}

@article{Schnell2017AcceleratedApplications,
    title = {{Accelerated dual- venc 4D flow MRI for neurovascular applications}},
    year = {2017},
    journal = {Journal of Magnetic Resonance Imaging},
    author = {Schnell, Susanne and Ansari, Sameer A. and Wu, Can and Garcia, Julio and Murphy, Ian G. and Rahman, Ozair A. and Rahsepar, Amir A. and Aristova, Maria and Collins, Jeremy D. and Carr, James C. and Markl, Michael},
    number = {1},
    month = {7},
    pages = {102--114},
    volume = {46},
    url = {http://doi.wiley.com/10.1002/jmri.25595},
    doi = {10.1002/jmri.25595},
    issn = {10531807},
    keywords = {4D flow MRI, PC‐MRI, dual venc, intracranial 4D flow MRI, k‐t GRAPPA}
}

@article{HeidariPahlavianAccuracySimulation,
    title = {{Accuracy of 4D Flow Measurement of Cerebrospinal Fluid Dynamics in the Cervical Spine: An In Vitro Verification Against Numerical Simulation}},
    author = {Heidari Pahlavian, Soroush and Bunck, Alexander C and Thyagaraj, Suraj and Giese, Daniel and Loth, Francis and Hedderich, Dennis M and Robert, Jan and Ger, Kr and Martin, Bryn A},
    url = {https://link.springer.com/content/pdf/10.1007%2Fs10439-016-1602-x.pdf},
    doi = {10.1007/s10439-016-1602-x},
    keywords = {4D Flow measurement, Cerebrospinal fluid, Computational fluid dynamics, Magnetic resonance imaging, Phantom experiment}
}

@article{AmbarkiAccuracyVolunteers,
    title = {{Accuracy of Parenchymal Cerebral Blood Flow Measurements Using Pseudocontinuous Arterial Spin-Labeling in Healthy Volunteers}},
    author = {Ambarki, K and W{\aa}hlin, A and Zarrinkoob, L and Wirestam, R and Petr, J and Malm, J and Eklund, A},
    url = {http://www.ajnr.org/content/ajnr/36/10/1816.full.pdf},
    doi = {10.3174/ajnr.A4367}
}

@article{Hampstead2011ActivationStudy,
    title = {{Activation and effective connectivity changes following explicit-memory training for face-name pairs in patients with mild cognitive impairment: A pilot study}},
    year = {2011},
    journal = {Neurorehabilitation and Neural Repair},
    author = {Hampstead, Benjamin M. and Stringer, Anthony Y. and Stilla, Randall F. and Deshpande, Gopikrishna and Hu, Xiaoping and Moore, Anna Bacon and Sathian, K.},
    number = {3},
    month = {3},
    pages = {210--222},
    volume = {25},
    publisher = {SAGE PublicationsSage CA: Los Angeles, CA},
    url = {http://www. http://nnr.sagepub.com http://journals.sagepub.com/doi/10.1177/1545968310382424},
    isbn = {1552-6844 (Electronic){\textbackslash}r1545-9683 (Linking)},
    doi = {10.1177/1545968310382424},
    issn = {15459683},
    pmid = {20935339},
    keywords = {Aging, Alzheimer disease, Cognitive rehabilitation, Functional magnetic resonance imaging (fMRI), Granger causality analysis, Mnemonic strategy, aging, cognitive rehabilitation, functional magnetic resonance imaging (fMRI), mnemonic strategy}
}

@article{Goncalves2016AdultBehavior,
    title = {{Adult Neurogenesis in the Hippocampus: From Stem Cells to Behavior}},
    year = {2016},
    journal = {Cell},
    author = {Gon{\c{c}}alves, J. Tiago and Schafer, Simon T. and Gage, Fred H.},
    number = {4},
    month = {11},
    pages = {897--914},
    volume = {167},
    publisher = {Cell Press},
    url = {https://www.sciencedirect.com/science/article/pii/S0092867416314040},
    doi = {10.1016/J.CELL.2016.10.021}
}

@article{Ming2011AdultQuestions,
    title = {{Adult Neurogenesis in the Mammalian Brain: Significant Answers and Significant Questions}},
    year = {2011},
    journal = {Neuron},
    author = {Ming, Guo-li and Song, Hongjun},
    number = {4},
    month = {5},
    pages = {687--702},
    volume = {70},
    publisher = {Cell Press},
    url = {https://www.sciencedirect.com/science/article/pii/S0896627311003485},
    doi = {10.1016/J.NEURON.2011.05.001}
}

@article{Untenberger2016AdvancesEchoes,
    title = {{Advances in real-time phase-contrast flow MRI using asymmetric radial gradient echoes}},
    year = {2016},
    journal = {Magnetic Resonance in Medicine},
    author = {Untenberger, Markus and Tan, Zhengguo and Voit, Dirk and Joseph, Arun A. and Roeloffs, Volkert and Merboldt, K. Dietmar and Sch{\"{a}}tz, Sebastian and Frahm, Jens},
    number = {5},
    month = {5},
    pages = {1901--1908},
    volume = {75},
    url = {http://doi.wiley.com/10.1002/mrm.25696},
    doi = {10.1002/mrm.25696}
}

@article{Vlassenko2018AerobicDisease,
    title = {{Aerobic glycolysis and tau deposition in preclinical Alzheimer's disease}},
    year = {2018},
    journal = {Neurobiology of Aging},
    author = {Vlassenko, Andrei G. and Gordon, Brian A. and Goyal, Manu S. and Su, Yi and Blazey, Tyler M. and Durbin, Tony J. and Couture, Lars E. and Christensen, Jon J. and Jafri, Hussain and Morris, John C. and Raichle, Marcus E. and Benzinger, Tammie L.-S.},
    month = {7},
    pages = {95--98},
    volume = {67},
    publisher = {Elsevier},
    url = {https://www.sciencedirect.com/science/article/pii/S0197458018300927},
    doi = {10.1016/J.NEUROBIOLAGING.2018.03.014},
    issn = {0197-4580}
}

@article{Dienel2016AerobicMetabolism,
    title = {{Aerobic glycolysis during brain activation: adrenergic regulation and influence of norepinephrine on astrocytic metabolism}},
    year = {2016},
    journal = {Journal of Neurochemistry},
    author = {Dienel, Gerald A. and Cruz, Nancy F.},
    number = {1},
    month = {7},
    pages = {14--52},
    volume = {138},
    publisher = {Wiley/Blackwell (10.1111)},
    url = {http://doi.wiley.com/10.1111/jnc.13630},
    doi = {10.1111/jnc.13630},
    issn = {00223042},
    keywords = {aerobic glycolysis, astrocyte, epinephrine, glycogen, lactate, norepinephrine}
}

@article{Goyal2014AerobicExpression.,
    title = {{Aerobic glycolysis in the human brain is associated with development and neotenous gene expression.}},
    year = {2014},
    journal = {Cell metabolism},
    author = {Goyal, Manu S and Hawrylycz, Michael and Miller, Jeremy A and Snyder, Abraham Z and Raichle, Marcus E},
    number = {1},
    month = {1},
    pages = {49--57},
    volume = {19},
    publisher = {Elsevier},
    url = {http://www.ncbi.nlm.nih.gov/pubmed/24411938 http://www.pubmedcentral.nih.gov/articlerender.fcgi?artid=PMC4389678},
    doi = {10.1016/j.cmet.2013.11.020},
    issn = {1932-7420},
    pmid = {24411938}
}

@article{Bauernfeind2014AerobicMaintenance,
    title = {{Aerobic glycolysis in the primate brain: reconsidering the implications for growth and maintenance}},
    year = {2014},
    journal = {Brain Structure and Function},
    author = {Bauernfeind, Amy L. and Barks, Sarah K. and Duka, Tetyana and Grossman, Lawrence I. and Hof, Patrick R. and Sherwood, Chet C.},
    number = {4},
    month = {7},
    pages = {1149--1167},
    volume = {219},
    publisher = {Springer Berlin Heidelberg},
    url = {http://link.springer.com/10.1007/s00429-013-0662-z},
    doi = {10.1007/s00429-013-0662-z},
    issn = {1863-2653}
}

@article{Lunt2011AerobicProliferation,
    title = {{Aerobic Glycolysis: Meeting the Metabolic Requirements of Cell Proliferation}},
    year = {2011},
    author = {Lunt, Sophia Y. and Vander Heiden, Matthew G.},
    number = {1},
    month = {11},
    volume = {27},
    publisher = { Annual Reviews },
    url = {http://www.annualreviews.org/doi/10.1146/annurev-cellbio-092910-154237 https://www.annualreviews.org/doi/pdf/10.1146/annurev-cellbio-092910-154237},
    doi = {10.1146/annurev-cellbio-092910-154237},
    issn = {1081-0706},
    keywords = {Warburg effect, biosynthesis, cancer metabolism, cell metabolism}
}

@article{Vannini2012AgeRepetition,
    title = {{Age and amyloid-related alterations in default network habituation to stimulus repetition}},
    year = {2012},
    journal = {Neurobiology of Aging},
    author = {Vannini, Patrizia and Hedden, Trey and Becker, John A. and Sullivan, Caroline and Putcha, Deepti and Rentz, Dorene and Johnson, Keith A. and Sperling, Reisa A.},
    number = {7},
    month = {7},
    pages = {1237--1252},
    volume = {33},
    publisher = {Elsevier},
    url = {https://www.sciencedirect.com/science/article/pii/S0197458011000054},
    doi = {10.1016/J.NEUROBIOLAGING.2011.01.003},
    issn = {0197-4580}
}

@article{Miller2008Age-relatedActivation.,
    title = {{Age-related memory impairment associated with loss of parietal deactivation but preserved hippocampal activation.}},
    year = {2008},
    journal = {Proceedings of the National Academy of Sciences of the United States of America},
    author = {Miller, Saul L and Celone, Kim and DePeau, Kristina and Diamond, Eli and Dickerson, Bradford C and Rentz, Dorene and Pihlajam{\"{a}}ki, Maija and Sperling, Reisa A},
    number = {6},
    month = {2},
    pages = {2181--6},
    volume = {105},
    publisher = {National Academy of Sciences},
    url = {http://www.ncbi.nlm.nih.gov/pubmed/18238903 http://www.pubmedcentral.nih.gov/articlerender.fcgi?artid=PMC2538895},
    doi = {10.1073/pnas.0706818105},
    issn = {1091-6490},
    pmid = {18238903}
}

@article{Pariente2005AlzheimersTask,
    title = {{Alzheimer's patients engage an alternative network during a memory task}},
    year = {2005},
    journal = {Annals of Neurology},
    author = {Pariente, Jérémie and Cole, Susanna and Henson, Richard and Clare, Linda and Kennedy, Angus and Rossor, Martin and Cipoloti, Lisa and Puel, Michèle and Demonet, Jean Francois and Chollet, Francois and Frackowiak, Richard S. J.},
    number = {6},
    month = {12},
    pages = {870--879},
    volume = {58},
    publisher = {Wiley-Blackwell},
    url = {http://doi.wiley.com/10.1002/ana.20653},
    isbn = {0364-5134 (Print){\textbackslash}n0364-5134 (Linking)},
    doi = {10.1002/ana.20653},
    issn = {03645134},
    pmid = {16315273}
}

@article{Rolyan2011Amyloid-Disease,
    title = {{Amyloid-{$\beta$} protein modulates the perivascular clearance of neuronal apolipoprotein E in mouse models of Alzheimer’s disease}},
    year = {2011},
    journal = {Journal of Neural Transmission},
    author = {Rolyan, Harshvardhan and Feike, Ann Caroline and Upadhaya, Ajeet Rijal and Waha, Andreas and Van Dooren, Tom and Haass, Christian and Birkenmeier, Gerd and Pietrzik, Claus U. and Van Leuven, Fred and Thal, Dietmar Rudolf},
    number = {5},
    month = {5},
    pages = {699--712},
    volume = {118},
    publisher = {Springer Vienna},
    url = {http://link.springer.com/10.1007/s00702-010-0572-7},
    doi = {10.1007/s00702-010-0572-7},
    issn = {0300-9564}
}

@article{Tian2005AnEpilepsy,
    title = {{An astrocytic basis of epilepsy}},
    year = {2005},
    journal = {Nature Medicine},
    author = {Tian, Guo-Feng and Azmi, Hooman and Takano, Takahiro and Xu, Qiwu and Peng, Weiguo and Lin, Jane and Oberheim, NancyAnn and Lou, Nanhong and Wang, Xiaohai and Zielke, H Ronald and Kang, Jian and Nedergaard, Maiken},
    number = {9},
    month = {9},
    pages = {973--981},
    volume = {11},
    publisher = {Nature Publishing Group},
    url = {http://www.nature.com/articles/nm1277},
    doi = {10.1038/nm1277},
    issn = {1078-8956}
}

@article{Chang2016AnProcessing,
    title = {{An unsupervised eye blink artifact detection method for real-time electroencephalogram processing}},
    year = {2016},
    journal = {Physiological Measurement},
    author = {Chang, Won-Du and Lim, Jeong-Hwan and Im, Chang-Hwan},
    number = {3},
    pages = {401--417},
    volume = {37},
    publisher = {IOP Publishing},
    url = {http://stacks.iop.org/0967-3334/37/i=3/a=401?key=crossref.0a3e588bc4049cfb08da0915267d323c},
    doi = {10.1088/0967-3334/37/3/401},
    issn = {0967-3334}
}

@article{BilstonArterialModel,
    title = {{Arterial Pulsation-driven Cerebrospinal Fluid Flow in the Perivascular Space: A Computational Model}},
    author = {Bilston, Lynne E and Fletcher, David F and Brodbelt, Andrew R and Stoodley, Marcus A},
    url = {http://www.tandfonline.com/doi/pdf/10.1080/10255840310001606116?needAccess=true},
    doi = {10.1080/10255840310001606116},
    keywords = {Biomechanics, Cerebrospinal fluid, Computational modelling, Perivascular space, Syringomyelia}
}

@article{Andrillon2015ARTICLEVision,
    title = {{ARTICLE Single-neuron activity and eye movements during human REM sleep and awake vision}},
    year = {2015},
    journal = {Nature Communications},
    author = {Andrillon, Thomas and Nir, Yuval and Cirelli, Chiara and Tononi, Giulio and Fried, Itzhak},
    volume = {6},
    url = {https://www.nature.com/articles/ncomms8884.pdf},
    doi = {10.1038/ncomms8884}
}

@article{Yuval-greenberg2008ArticleSaccades,
    title = {{Article Transient Induced Gamma-Band Response in EEG as a Manifestation of Miniature Saccades}},
    year = {2008},
    author = {Yuval-greenberg, Shlomit and Tomer, Orr and Keren, Alon S and Nelken, Israel and Deouell, Leon Y},
    pages = {429--441},
    doi = {10.1016/j.neuron.2008.03.027}
}

@article{ChenAssessmentImaging,
    title = {{Assessment of the Virchow-Robin Spaces in Alzheimer Disease, Mild Cognitive Impairment, and Normal Aging, Using High-Field MR Imaging}},
    author = {Chen, W and Song, X and Zhang, Y},
    url = {http://www.ajnr.org/content/ajnr/32/8/1490.full.pdf},
    doi = {10.3174/ajnr.A2541}
}

@article{Zeppenfeld2017AssociationBrains,
    title = {{Association of Perivascular Localization of Aquaporin-4 With Cognition and Alzheimer Disease in Aging Brains}},
    year = {2017},
    journal = {JAMA Neurology},
    author = {Zeppenfeld, Douglas M. and Simon, Matthew and Haswell, J. Douglas and D’Abreo, Daryl and Murchison, Charles and Quinn, Joseph F. and Grafe, Marjorie R. and Woltjer, Randall L. and Kaye, Jeffrey and Iliff, Jeffrey J.},
    number = {1},
    month = {1},
    pages = {91},
    volume = {74},
    publisher = {American Medical Association},
    url = {http://archneur.jamanetwork.com/article.aspx?doi=10.1001/jamaneurol.2016.4370},
    doi = {10.1001/jamaneurol.2016.4370}
}

@article{Volterra2014AstrocyteComplexity,
    title = {{Astrocyte Ca2+ signalling: an unexpected complexity}},
    year = {2014},
    journal = {Nature Publishing Group},
    author = {Volterra, Andrea and Liaudet, Nicolas and Savtchouk, Iaroslav},
    volume = {15},
    url = {https://www.nature.com/articles/nrn3725.pdf},
    doi = {10.1038/nrn3725}
}

@article{Bazargani2016AstrocyteWave,
    title = {{Astrocyte calcium signaling: the third wave}},
    year = {2016},
    journal = {Nature Neuroscience},
    author = {Bazargani, Narges and Attwell, David},
    number = {2},
    month = {1},
    pages = {182--189},
    volume = {19},
    publisher = {Nature Publishing Group},
    url = {http://www.nature.com/doifinder/10.1038/nn.4201},
    doi = {10.1038/nn.4201},
    issn = {1097-6256},
    keywords = {Astrocyte, Cellular neuroscience}
}

@article{Rodriguez-Arellano2016AstrocytesDisease,
    title = {{Astrocytes in physiological aging and Alzheimer’s disease}},
    year = {2016},
    journal = {Neuroscience},
    author = {Rodr{\'{i}}guez-Arellano, J.J. and Parpura, V. and Zorec, R. and Verkhratsky, A.},
    month = {5},
    pages = {170--182},
    volume = {323},
    publisher = {Pergamon},
    url = {https://www.sciencedirect.com/science/article/pii/S0306452215000317},
    doi = {10.1016/J.NEUROSCIENCE.2015.01.007},
    issn = {0306-4522}
}

@article{PoskanzerAstrocytesVivo,
    title = {{Astrocytes regulate cortical state switching in vivo}},
    author = {Poskanzer, Kira E and Yuste, Rafael and Stevens, Charles F},
    url = {http://www.pnas.org/content/113/19/E2675.full.pdf?with-ds=yes},
    doi = {10.1073/pnas.1520759113}
}

@article{Orr2015AstrocyticMemory,
    title = {{Astrocytic adenosine receptor A2A and Gs-coupled signaling regulate memory}},
    year = {2015},
    journal = {Nature Neuroscience},
    author = {Orr, Anna G and Hsiao, Edward C and Wang, Max M and Ho, Kaitlyn and Kim, Daniel H and Wang, Xin and Guo, Weikun and Kang, Jing and Yu, Gui-Qiu and Adame, Anthony and Devidze, Nino and Dubal, Dena B and Masliah, Eliezer and Conklin, Bruce R and Mucke, Lennart},
    number = {3},
    month = {1},
    pages = {423--434},
    volume = {18},
    publisher = {Nature Research},
    url = {http://www.nature.com/doifinder/10.1038/nn.3930},
    doi = {10.1038/nn.3930}
}

@article{Foley2017AstrocyticSleep,
    title = {{Astrocytic IP3/Ca2+ Signaling Modulates Theta Rhythm and REM Sleep}},
    year = {2017},
    journal = {Frontiers in Neural Circuits},
    author = {Foley, Jeannine and Blutstein, Tamara and Lee, SoYoung and Erneux, Christophe and Halassa, Michael M. and Haydon, Philip},
    month = {1},
    pages = {3},
    volume = {11},
    publisher = {Frontiers},
    url = {http://journal.frontiersin.org/article/10.3389/fncir.2017.00003/full},
    doi = {10.3389/fncir.2017.00003}
}

@article{Poskanzer2011AstrocyticStates.,
    title = {{Astrocytic regulation of cortical UP states.}},
    year = {2011},
    journal = {Proceedings of the National Academy of Sciences of the United States of America},
    author = {Poskanzer, Kira E and Yuste, Rafael},
    number = {45},
    month = {11},
    pages = {18453--8},
    volume = {108},
    publisher = {National Academy of Sciences},
    url = {http://www.ncbi.nlm.nih.gov/pubmed/22027012 http://www.ncbi.nlm.nih.gov/pubmed/22027012},
    doi = {10.1073/pnas.1112378108},
    pmid = {22027012}
}

@article{Kozerke1999AutomaticMeasurements,
    title = {{Automatic vessel segmentation using active contours in cine phase contrast flow measurements}},
    year = {1999},
    journal = {Journal of Magnetic Resonance Imaging},
    author = {Kozerke, Sebastian and Botnar, Ren� and Oyre, Sten and Scheidegger, Markus B. and Pedersen, Erik M. and Boesiger, Peter},
    number = {1},
    month = {7},
    pages = {41--51},
    volume = {10},
    publisher = {Wiley-Blackwell},
    url = {http://doi.wiley.com/10.1002/%28SICI%291522-2586%28199907%2910%3A1%3C41%3A%3AAID-JMRI6%3E3.0.CO%3B2-J},
    doi = {10.1002/(SICI)1522-2586(199907)10:1<41::AID-JMRI6>3.0.CO;2-J},
    issn = {1053-1807},
    keywords = {aortic flow, flow quantification, image segmentation}
}

@article{MakovBehavioral/CognitiveProcessing,
    title = {{Behavioral/Cognitive Sleep Disrupts High-Level Speech Parsing Despite Significant Basic Auditory Processing}},
    author = {Makov, Shiri and Sharon, Omer and Ding, Nai and Ben-Shachar, Michal and Nir, Xyuval and Elana, X and Golumbic, Zion},
    url = {http://medicine.mytau.org/nir/wp-content/uploads/sites/9/2011/08/Makov2017.pdf},
    doi = {10.1523/JNEUROSCI.0168-17.2017}
}

@article{TakataBehavioral/Systems/CognitiveVivo,
    title = {{Behavioral/Systems/Cognitive Astrocyte Calcium Signaling Transforms Cholinergic Modulation to Cortical Plasticity In Vivo}},
    author = {Takata, Norio and Mishima, Tsuneko and Hisatsune, Chihiro and Nagai, Terumi and Ebisui, Etsuko and Mikoshiba, Katsuhiko and Hirase, Hajime},
    url = {http://www.jneurosci.org/content/jneuro/31/49/18155.full.pdf},
    doi = {10.1523/JNEUROSCI.5289-11.2011}
}

@article{VolgushevBehavioral/Systems/CognitiveSleep,
    title = {{Behavioral/Systems/Cognitive Precise Long-Range Synchronization of Activity and Silence in Neocortical Neurons during Slow-Wave Sleep}},
    author = {Volgushev, Maxim and Chauvette, Sylvain and Mukovski, Mikhail and Timofeev, Igor},
    url = {http://www.jneurosci.org/content/jneuro/26/21/5665.full.pdf},
    doi = {10.1523/JNEUROSCI.0279-06.2006}
}

@article{Filosa2016BeyondTone,
    title = {{Beyond neurovascular coupling, role of astrocytes in the regulation of vascular tone}},
    year = {2016},
    journal = {Neuroscience},
    author = {Filosa, J.A. and Morrison, H.W. and Iddings, J.A. and Du, W. and Kim, K.J.},
    month = {5},
    pages = {96--109},
    volume = {323},
    publisher = {Pergamon},
    url = {https://www.sciencedirect.com/science/article/pii/S0306452215003139},
    doi = {10.1016/J.NEUROSCIENCE.2015.03.064},
    issn = {0306-4522}
}

@misc{Collins2014BeyondProcessing,
    title = {{Beyond the FFA: The role of the ventral anterior temporal lobes in face processing}},
    year = {2014},
    booktitle = {Neuropsychologia},
    author = {Collins, Jessica A. and Olson, Ingrid R.},
    number = {1},
    month = {8},
    pages = {65--79},
    volume = {61},
    publisher = {Pergamon},
    url = {https://www.sciencedirect.com/science/article/pii/S0028393214001869},
    isbn = {0028-3932},
    doi = {10.1016/j.neuropsychologia.2014.06.005},
    issn = {18733514},
    pmid = {24937188},
    keywords = {Anterior temporal lobes, Face memory, Face perception, Perirhinal cortex, Social cognition}
}

@article{RashBidirectionalFormation,
    title = {{Bidirectional radial Ca 2+ activity regulates neurogenesis and migration during early cortical column formation}},
    author = {Rash, Brian G and Ackman, James B and Rakic, Pasko},
    url = {http://advances.sciencemag.org/content/advances/2/2/e1501733.full.pdf},
    doi = {10.1126/sciadv.1501733}
}

@article{Shannon2016BrainLearning.,
    title = {{Brain aerobic glycolysis and motor adaptation learning.}},
    year = {2016},
    journal = {Proceedings of the National Academy of Sciences of the United States of America},
    author = {Shannon, Benjamin J and Vaishnavi, Sanjeev Neil and Vlassenko, Andrei G and Shimony, Joshua S and Rutlin, Jerrel and Raichle, Marcus E},
    number = {26},
    month = {6},
    pages = {3782--91},
    volume = {113},
    publisher = {National Academy of Sciences},
    url = {http://www.ncbi.nlm.nih.gov/pubmed/27217563 http://www.pubmedcentral.nih.gov/articlerender.fcgi?artid=PMC4932971},
    doi = {10.1073/pnas.1604977113},
    issn = {1091-6490},
    pmid = {27217563},
    keywords = {PET, aerobic glycolysis, learning, long-term depression, long-term potentiation}
}

@article{DiNuzzo2017BrainCycle,
    title = {{Brain energetics during the sleep–wake cycle}},
    year = {2017},
    journal = {Current Opinion in Neurobiology},
    author = {DiNuzzo, Mauro and Nedergaard, Maiken},
    month = {12},
    pages = {65--72},
    volume = {47},
    publisher = {Elsevier Current Trends},
    url = {https://www.sciencedirect.com/science/article/pii/S0959438817301368},
    doi = {10.1016/J.CONB.2017.09.010}
}

@article{Schurr2002BrainValidation,
    title = {{Brain Lactate Is an Obligatory Aerobic Energy Substrate for Functional Recovery After Hypoxia: Further In Vitro Validation}},
    year = {2002},
    journal = {Journal of Neurochemistry},
    author = {Schurr, Avital and Payne, Ralphiel S. and Miller, James J. and Rigor, Benjamin M.},
    number = {1},
    month = {11},
    pages = {423--426},
    volume = {69},
    publisher = {Wiley/Blackwell (10.1111)},
    url = {http://doi.wiley.com/10.1046/j.1471-4159.1997.69010423.x},
    doi = {10.1046/j.1471-4159.1997.69010423.x},
    issn = {00223042},
    keywords = {Glucose, Hypoxia, Lactate, Synaptic function, {$\alpha$}‐Cyano‐4‐hydroxycinnamate}
}

@article{Iliff2013Brain-wideMRI,
    title = {{Brain-wide pathway for waste clearance captured by contrast-enhanced MRI}},
    year = {2013},
    journal = {The Journal of Clinical Investigation},
    author = {Iliff, Jeffrey J. and Lee, Hedok and Yu, Mei and Feng, Tian and Logan, Jean and Nedergaard, Maiken and Benveniste, Helene},
    number = {3},
    month = {3},
    pages = {1299--1309},
    volume = {123},
    publisher = {American Society for Clinical Investigation},
    url = {https://www.jci.org/articles/view/67677},
    doi = {10.1172/JCI67677},
    issn = {0021-9738}
}

@article{Cetas2009BrainstemHemorrhage,
    title = {{Brainstem control of cerebral blood flow and application to acute vasospasm following experimental subarachnoid hemorrhage}},
    year = {2009},
    journal = {Neuroscience},
    author = {Cetas, J.S. and Lee, D.R. and Alkayed, N.J. and Wang, R. and Iliff, J.J. and Heinricher, M.M.},
    number = {2},
    month = {10},
    pages = {719--729},
    volume = {163},
    publisher = {Pergamon},
    url = {http://www.sciencedirect.com/science/article/pii/S0306452209010562#mmc2},
    doi = {10.1016/J.NEUROSCIENCE.2009.06.031},
    issn = {0306-4522}
}

@article{Clapham2007CalciumSignaling.,
    title = {{Calcium signaling.}},
    year = {2007},
    journal = {Cell},
    author = {Clapham, David E},
    number = {6},
    month = {12},
    pages = {1047--58},
    volume = {131},
    publisher = {Elsevier},
    url = {http://www.ncbi.nlm.nih.gov/pubmed/18083096},
    doi = {10.1016/j.cell.2007.11.028},
    pmid = {18083096}
}

@article{BellesiCellular/MolecularCortex,
    title = {{Cellular/Molecular Sleep Loss Promotes Astrocytic Phagocytosis and Microglial Activation in Mouse Cerebral Cortex}},
    author = {Bellesi, Michele and De Vivo, Luisa and Chini, X Mattia and Gilli, Francesca and Tononi, Giulio and Cirelli, X Chiara},
    url = {http://www.jneurosci.org/content/jneuro/37/21/5263.full.pdf},
    doi = {10.1523/JNEUROSCI.3981-16.2017}
}

@article{Ratner2017CerebrospinalTransport,
    title = {{Cerebrospinal and interstitial fluid transport via the glymphatic pathway modeled by optimal mass transport}},
    year = {2017},
    journal = {NeuroImage},
    author = {Ratner, Vadim and Gao, Yi and Lee, Hedok and Elkin, Rena and Nedergaard, Maiken and Benveniste, Helene and Tannenbaum, Allen},
    month = {5},
    pages = {530--537},
    volume = {152},
    publisher = {Academic Press},
    url = {https://www.sciencedirect.com/science/article/pii/S105381191730229X#f0020},
    doi = {10.1016/J.NEUROIMAGE.2017.03.021},
    issn = {1053-8119}
}

@article{BattalCerebrospinalPhysiology,
    title = {{Cerebrospinal fluid flow imaging by using phase-contrast MR technique CSF anatomy and physiology}},
    author = {Battal, B and Kocaoglu, M and Bulakbasi, N and Husmen, G and Tuba Sanal, H and Tayfun, C},
    url = {http://www.birpublications.org/doi/pdf/10.1259/bjr/66206791},
    doi = {10.1259/bjr/66206791}
}

@article{Linninger2016CerebrospinalDynamics,
    title = {{Cerebrospinal Fluid Mechanics and Its Coupling to Cerebrovascular Dynamics}},
    year = {2016},
    journal = {Annu. Rev. Fluid Mech},
    author = {Linninger, Andreas A and Tangen, Kevin and Hsu, Chih-Yang and Frim, David},
    pages = {219--57},
    volume = {48},
    url = {http://www.annualreviews.org/doi/pdf/10.1146/annurev-fluid-122414-034321},
    doi = {10.1146/annurev-fluid-122414-034321},
    keywords = {CSF flow, cerebral compliance, intracranial dynamics, intrathecal drug delivery, porous brain tissue, spinal compliance}
}

@article{Ding2016ChangesCycle.,
    title = {{Changes in the composition of brain interstitial ions control the sleep-wake cycle.}},
    year = {2016},
    journal = {Science (New York, N.Y.)},
    author = {Ding, Fengfei and O'Donnell, John and Xu, Qiwu and Kang, Ning and Goldman, Nanna and Nedergaard, Maiken},
    number = {6285},
    month = {4},
    pages = {550--5},
    volume = {352},
    publisher = {American Association for the Advancement of Science},
    url = {http://www.ncbi.nlm.nih.gov/pubmed/27126038 http://www.ncbi.nlm.nih.gov/pubmed/27126038},
    doi = {10.1126/science.aad4821},
    pmid = {27126038}
}

@article{Brunton2017ChaosSystem,
    title = {{Chaos as an intermittently forced linear system}},
    year = {2017},
    journal = {Nature Communications},
    author = {Brunton, Steven L. and Brunton, Bingni W. and Proctor, Joshua L. and Kaiser, Eurika and Kutz, J. Nathan},
    number = {1},
    month = {12},
    pages = {19},
    volume = {8},
    publisher = {Nature Publishing Group},
    url = {http://www.nature.com/articles/s41467-017-00030-8},
    doi = {10.1038/s41467-017-00030-8},
    issn = {2041-1723},
    keywords = {Humanities and Social Sciences, Science, multidisciplinary}
}

@article{Iliff2017ChapterHomeostasis,
    title = {{Chapter 3 – The Glymphatic System and Brain Interstitial Fluid Homeostasis}},
    year = {2017},
    author = {Iliff, JJ and Thrane, As and Nedergaard, M},
    url = {https://ac.els-cdn.com/B9780128030585000035/3-s2.0-B9780128030585000035-main.pdf?_tid=5b165f68-d931-11e7-9f1e-00000aacb362&acdnat=1512419346_6fddfb4800c9ec9c976baf7680909cba},
    doi = {10.1016/B978-0-12-803058-5.00003-5},
    keywords = {Alzheimer disease, Aquaporin-4, Astrocyte, Blood–brain barrier, Cerebral edema, Cerebral ischemia, Cerebrospinal fluid, Perivascular, Traumatic brain injury}
}

@article{Weber2016Circuit-basedControl,
    title = {{Circuit-based interrogation of sleep control}},
    year = {2016},
    journal = {Nature},
    author = {Weber, Franz and Dan, Yang},
    number = {7623},
    month = {10},
    pages = {51--59},
    volume = {538},
    publisher = {Nature Publishing Group},
    url = {http://www.nature.com/doifinder/10.1038/nature19773},
    doi = {10.1038/nature19773},
    issn = {0028-0836},
    keywords = {Neural circuits, Neuroscience}
}

@article{Iima2016ClinicalBihan,
    title = {{Clinical Intravoxel Incoherent Motion and Diffusion MR Imaging Iima and Le Bihan}},
    year = {2016},
    journal = {radiology.rsna.org n Radiology},
    author = {Iima, Mami and Le Bihan, Denis},
    number = {1—January},
    volume = {278},
    url = {http://pubs.rsna.org/doi/pdf/10.1148/radiol.2015150244},
    doi = {10.1148/radiol.2015150244}
}

@article{Kucewicz2015CombinedTask,
    title = {{Combined Single Neuron Unit Activity and Local Field Potential Oscillations in a Human Visual Recognition Memory Task}},
    year = {2015},
    author = {Kucewicz, Michal T and Berry, B Michael and Bower, Mark R and Cimbalnik, Jan and Svehlik, Vojtech and Stead, S Matt and Worrell, Gregory A},
    number = {00},
    pages = {67--75},
    volume = {00},
    doi = {10.1109/TBME.2015.2451596},
    issn = {1558-2531},
    pmid = {26151930}
}

@article{Schwalm2017Cortex-wideWaves,
    title = {{Cortex-wide BOLD fMRI activity reflects locally-recorded slow oscillation-associated calcium waves}},
    year = {2017},
    journal = {eLife},
    author = {Schwalm, Miriam and Schmid, Florian and Wachsmuth, Lydia and Backhaus, Hendrik and Kronfeld, Andrea and Jury, Felipe Aedo and Prouvot, Pierre Hugues and Fois, Consuelo and Albers, Franziska and Van Alst, Timo and Faber, Cornelius and Stroh, Albrecht},
    month = {9},
    pages = {e27602},
    volume = {6},
    publisher = {eLife Sciences Publications Limited},
    url = {https://elifesciences.org/articles/27602},
    doi = {10.7554/eLife.27602},
    issn = {2050084X},
    pmid = {28914607}
}

@article{Vyazovskiy2009CorticalHomeostasis,
    title = {{Cortical Firing and Sleep Homeostasis}},
    year = {2009},
    journal = {Neuron},
    author = {Vyazovskiy, Vladyslav V. and Olcese, Umberto and Lazimy, Yaniv M. and Faraguna, Ugo and Esser, Steve K. and Williams, Justin C. and Cirelli, Chiara and Tononi, Giulio},
    number = {6},
    month = {9},
    pages = {865--878},
    volume = {63},
    publisher = {Cell Press},
    url = {http://www.sciencedirect.com/science/article/pii/S0896627309006370},
    isbn = {1097-4199 (Electronic){\textbackslash}n0896-6273 (Linking)},
    doi = {10.1016/j.neuron.2009.08.024},
    issn = {08966273},
    pmid = {19778514},
    arxivId = {arXiv:1205.1739v1},
    keywords = {SIGNALING, SYSBIO, SYSNEURO}
}

@article{Muller2018CorticalPrinciples,
    title = {{Cortical travelling waves: mechanisms and computational principles}},
    year = {2018},
    journal = {Nature Reviews Neuroscience},
    author = {Muller, Lyle and Chavane, Frédéric and Reynolds, John and Sejnowski, Terrence J.},
    number = {5},
    month = {3},
    pages = {255--268},
    volume = {19},
    publisher = {Nature Publishing Group},
    url = {http://www.nature.com/doifinder/10.1038/nrn.2018.20},
    doi = {10.1038/nrn.2018.20},
    issn = {1471-003X},
    keywords = {Dynamical systems, Neural encoding, Visual system}
}

@article{BartramCorticalInputs,
    title = {{Cortical Up states induce the selective weakening of subthreshold synaptic inputs}},
    author = {Bartram, Julian and Kahn, Martin C and Tuohy, Simon and Paulsen, Ole and Wilson, Tony and Mann, Edward O},
    url = {https://www.nature.com/articles/s41467-017-00748-5.pdf},
    doi = {10.1038/s41467-017-00748-5}
}

@article{Nir2007CouplingCorrelations,
    title = {{Coupling between Neuronal Firing Rate, Gamma LFP, and BOLD fMRI Is Related to Interneuronal Correlations}},
    year = {2007},
    journal = {Current Biology},
    author = {Nir, Yuval and Fisch, Lior and Mukamel, Roy and Gelbard-Sagiv, Hagar and Arieli, Amos and Fried, Itzhak and Malach, Rafael},
    number = {15},
    pages = {1275--1285},
    volume = {17},
    isbn = {0960-9822 (Print){\textbackslash}r0960-9822 (Linking)},
    doi = {10.1016/j.cub.2007.06.066},
    issn = {09609822},
    pmid = {17686438},
    keywords = {SYSNEURO}
}

@article{Mukamel2005CouplingCortex,
    title = {{Coupling Between Neuronal Firing, Field Potentials, and fMRI in Human Auditory Cortex}},
    year = {2005},
    journal = {Science},
    author = {Mukamel, R.},
    number = {5736},
    pages = {951--954},
    volume = {309},
    url = {http://www.sciencemag.org/cgi/doi/10.1126/science.1110913},
    doi = {10.1126/science.1110913},
    issn = {0036-8075}
}

@article{Eissa2017Cross-scaleActivity.,
    title = {{Cross-scale effects of neural interactions during human neocortical seizure activity.}},
    year = {2017},
    journal = {Proceedings of the National Academy of Sciences of the United States of America},
    author = {Eissa, Tahra L and Dijkstra, Koen and Brune, Christoph and Emerson, Ronald G and van Putten, Michel J A M and Goodman, Robert R and McKhann, Guy M and Schevon, Catherine A and van Drongelen, Wim and van Gils, Stephan A},
    number = {40},
    month = {10},
    pages = {10761--10766},
    volume = {114},
    publisher = {National Academy of Sciences},
    url = {http://www.ncbi.nlm.nih.gov/pubmed/28923948 http://www.pubmedcentral.nih.gov/articlerender.fcgi?artid=PMC5635869},
    doi = {10.1073/pnas.1702490114},
    issn = {1091-6490},
    pmid = {28923948},
    keywords = {epilepsy, feedforward inhibition, multiscale interactions, nonlinear dynamics, seizures}
}

@article{Rudy2017Data-drivenEquations,
    title = {{Data-driven discovery of partial differential equations}},
    year = {2017},
    journal = {Science Advances},
    author = {Rudy, Samuel H. and Brunton, Steven L. and Proctor, Joshua L. and Kutz, J. Nathan},
    number = {4},
    month = {4},
    pages = {e1602614},
    volume = {3},
    publisher = {American Association for the Advancement of Science},
    url = {http://advances.sciencemag.org/lookup/doi/10.1126/sciadv.1602614},
    doi = {10.1126/sciadv.1602614},
    issn = {2375-2548}
}

@article{BystronDevelopmentRevisited,
    title = {{Development of the human cerebral cortex: Boulder Committee revisited}},
    author = {Bystron, Irina and Blakemore, Colin and Rakic, Pasko},
    url = {https://www.nature.com/articles/nrn2252.pdf},
    doi = {10.1038/nrn2252}
}

@article{Coifman2006DiffusionMaps,
    title = {{Diffusion maps}},
    year = {2006},
    journal = {Appl. Comput. Harmon. Anal},
    author = {Coifman, Ronald R and Lafon, Stéphane},
    pages = {5--30},
    volume = {21},
    url = {www.elsevier.com/locate/acha},
    doi = {10.1016/j.acha.2006.04.006},
    keywords = {Diffusion metric, Diffusion processes, Dimensionality reduction, Eigenmaps, Graph Laplacian, Manifold learning}
}

@article{Lafon2004DiusionHarmonics,
    title = {{Diusion Maps and Geometric Harmonics}},
    year = {2004},
    author = {Lafon, Stéphane S and Director, Dissertation and Coifman, Ronald R},
    url = {https://690cd646-a-62cb3a1a-s-sites.googlegroups.com/site/stefansresearchpapers/home/dissertation.pdf?attachauth=ANoY7crw29mzFrSHgbSd0cvC-19jWCtJSeGfSiOAaKJyo18mLDeDb6Fu6lOIy7GJEPBRr0umU0t54Xc1XkfNiOaJA2m-Vp8Ivng4txyEf_XxSZnuowdhDkmOOcl-juF1h_6EZPnQujbdE14KRgRr498xhrWzqmQi7W204cn4RrWd5S7w4KpmJU0wUzQxxlTDAVUB2OWux-H3LRFkoaYkPlyLdrANIAgaiXT67m39xPV-TL-gdwiIz-U%3D&attredirects=0}
}

@article{Khakh2015DiversityCircuits,
    title = {{Diversity of astrocyte functions and phenotypes in neural circuits}},
    year = {2015},
    journal = {Nature Neuroscience},
    author = {Khakh, Baljit S and Sofroniew, Michael V},
    number = {7},
    month = {7},
    pages = {942--952},
    volume = {18},
    publisher = {Nature Publishing Group},
    url = {http://www.nature.com/articles/nn.4043},
    doi = {10.1038/nn.4043},
    issn = {1097-6256},
    keywords = {Astrocyte}
}

@article{Kjaerby2017DoesFunction,
    title = {{Does Global Astrocytic Calcium Signaling Participate in Awake Brain State Transitions and Neuronal Circuit Function?}},
    year = {2017},
    journal = {Neurochemical Research},
    author = {Kjaerby, Celia and Rasmussen, Rune and Andersen, Mie and Nedergaard, Maiken},
    number = {6},
    month = {6},
    pages = {1810--1822},
    volume = {42},
    publisher = {Springer US},
    url = {http://link.springer.com/10.1007/s11064-017-2195-y},
    doi = {10.1007/s11064-017-2195-y}
}

@article{Crunelli2018DualPlasticity,
    title = {{Dual function of thalamic low-vigilance state oscillations: rhythm-regulation and plasticity}},
    year = {2018},
    journal = {Nature Reviews Neuroscience},
    author = {Crunelli, Vincenzo and L{\H{o}}rincz, Magor L. and Connelly, William M. and David, François and Hughes, Stuart W. and Lambert, Régis C. and Leresche, Nathalie and Errington, Adam C.},
    number = {2},
    month = {1},
    pages = {107--118},
    volume = {19},
    publisher = {Nature Publishing Group},
    url = {http://www.nature.com/doifinder/10.1038/nrn.2017.151},
    doi = {10.1038/nrn.2017.151},
    issn = {1471-003X},
    keywords = {Non, REM sleep, Sleep, Slow, Thalamus, wave sleep}
}

@article{Ambrogioni2017DynamicSignals,
    title = {{Dynamic decomposition of spatiotemporal neural signals}},
    year = {2017},
    journal = {PLOS Computational Biology},
    author = {Ambrogioni, Luca and van Gerven, Marcel A. J. and Maris, Eric},
    editor = {Beck, Jeff},
    number = {5},
    month = {5},
    pages = {e1005540},
    volume = {13},
    publisher = {Public Library of Science},
    url = {http://dx.plos.org/10.1371/journal.pcbi.1005540},
    doi = {10.1371/journal.pcbi.1005540},
    issn = {1553-7358}
}

@article{HalnesEffectTissue,
    title = {{Effect of Ionic Diffusion on Extracellular Potentials in Neural Tissue}},
    journal = {PLOS Computational Biology PLoS Comput Biol},
    author = {Halnes, Geir and M{\"{a}} Ki-Marttunen, Tuomo and Keller, Daniel and Pettersen, Klas H and Andreassen, Ole A and Einevoll, Gaute T},
    number = {11},
    volume = {12},
    url = {http://journals.plos.org/ploscompbiol/article/file?id=10.1371/journal.pcbi.1005193&type=printable},
    doi = {10.1371/journal.pcbi.1005193}
}

@article{Bellesi2015EffectsStudies,
    title = {{Effects of sleep and wake on astrocytes: clues from molecular and ultrastructural studies}},
    year = {2015},
    journal = {BMC Biology},
    author = {Bellesi, Michele and de Vivo, Luisa and Tononi, Giulio and Cirelli, Chiara},
    number = {1},
    month = {12},
    pages = {66},
    volume = {13},
    publisher = {BioMed Central},
    url = {http://bmcbiol.biomedcentral.com/articles/10.1186/s12915-015-0176-7},
    doi = {10.1186/s12915-015-0176-7}
}

@article{Anastassiou2011EphapticNeurons,
    title = {{Ephaptic coupling of cortical neurons}},
    year = {2011},
    journal = {nature neurOSCIenCe},
    author = {Anastassiou, Costas A and Perin, Rodrigo and Markram, Henry and Koch, Christof},
    number = {2},
    volume = {14},
    url = {http://neuralengr.com/public/uploads/ephaptic.pdf},
    doi = {10.1038/nn.2727}
}

@article{2017EphapticFields,
    title = {{Ephaptic coupling of cortical neurons: Possible contribution of astroglial magnetic fields?}},
    year = {2017},
    journal = {Neuroscience},
    month = {8},
    publisher = {Pergamon},
    url = {http://www.sciencedirect.com/science/article/pii/S0306452217305584?via%3Dihub},
    doi = {10.1016/J.NEUROSCIENCE.2017.07.072}
}

@article{YangEvaluatingTracer,
    title = {{Evaluating glymphatic pathway function utilizing clinically relevant intrathecal infusion of CSF tracer}},
    author = {Yang, Lijun and Kress, Benjamin T and Weber, Harris J and Thiyagarajan, Meenakshisundaram and Wang, Baozhi and Deane, Rashid and Benveniste, Helene and Iliff, Jeffrey J and Nedergaard, Maiken},
    url = {https://translational-medicine.biomedcentral.com/track/pdf/10.1186/1479-5876-11-107?site=translational-medicine.biomedcentral.com},
    doi = {10.1186/1479-5876-11-107},
    keywords = {Alzheimer�s disease, Cerebrospinal fluid (CSF), Intrathecal infusion, Neurodegenerative disease, Perivascular space, Traumatic brain injury}
}

@article{Schevon2012EvidenceHumans,
    title = {{Evidence of an inhibitory restraint of seizure activity in humans}},
    year = {2012},
    journal = {Nature Communications},
    author = {Schevon, Catherine A. and Weiss, Shennan A. and McKhann, Guy and Goodman, Robert R. and Yuste, Rafael and Emerson, Ronald G. and Trevelyan, Andrew J.},
    number = {1},
    month = {1},
    pages = {1060},
    volume = {3},
    publisher = {Nature Publishing Group},
    url = {http://www.nature.com/articles/ncomms2056},
    doi = {10.1038/ncomms2056},
    issn = {2041-1723},
    keywords = {EEG, Electroencephalography, Epilepsy, Inhibition, Medical research}
}

@article{Rakic2009EvolutionBiology,
    title = {{Evolution of the neocortex: a perspective from developmental biology}},
    year = {2009},
    author = {Rakic, Pasko},
    url = {https://www.nature.com/articles/nrn2719.pdf},
    doi = {10.1038/nrn2719}
}

@article{Brunton2016ExtractingDecomposition,
    title = {{Extracting spatial–temporal coherent patterns in large-scale neural recordings using dynamic mode decomposition}},
    year = {2016},
    journal = {Journal of Neuroscience Methods},
    author = {Brunton, Bingni W and Johnson, Lise A and Ojemann, Jeffrey G and Kutz, J Nathan},
    pages = {1--15},
    volume = {258},
    url = {https://ac.els-cdn.com/S0165027015003829/1-s2.0-S0165027015003829-main.pdf?_tid=3d3ac7b2-e440-11e7-9c15-00000aab0f26&acdnat=1513635201_d66c8cb80dcdd4d81b1538e41b7e7d60},
    doi = {10.1016/j.jneumeth.2015.10.010},
    keywords = {Dynamic mode decomposition, Electrocorticography, Feature extraction, Sleep spindles, Spatiotemporal modes}
}

@article{Rentz2011Face-nameElderly,
    title = {{Face-name associative memory performance is related to amyloid burden in normal elderly}},
    year = {2011},
    journal = {Neuropsychologia},
    author = {Rentz, Dorene M. and Amariglio, Rebecca E. and Becker, J. Alex and Frey, Meghan and Olson, Lauren E. and Frishe, Katherine and Carmasin, Jeremy and Maye, Jacqueline E. and Johnson, Keith A. and Sperling, Reisa A.},
    number = {9},
    month = {7},
    pages = {2776--2783},
    volume = {49},
    publisher = {Pergamon},
    url = {https://www.sciencedirect.com/science/article/pii/S0028393211002806},
    isbn = {0028-3932},
    doi = {10.1016/j.neuropsychologia.2011.06.006},
    issn = {00283932},
    pmid = {21689670},
    keywords = {Amyloid imaging, Early detection, Normal aging, Preclinical Alzheimer's disease}
}

@article{KARINO1987FlowGeometries,
    title = {{Flow Patterns in Vessels of Simple and Complex Geometries}},
    year = {1987},
    journal = {Annals of the New York Academy of Sciences},
    author = {KARINO, TAKESHI and GOLDSMITH, HARRY L. and MOTOMIYA, MINEO and MABUCHI, SHOJI and SOHARA, YASUNORI},
    number = {1 Blood in Cont},
    month = {12},
    pages = {422--441},
    volume = {516},
    publisher = {Blackwell Publishing Ltd},
    url = {http://doi.wiley.com/10.1111/j.1749-6632.1987.tb33063.x},
    doi = {10.1111/j.1749-6632.1987.tb33063.x},
    issn = {0077-8923}
}

@article{Davies1995Flow-MediatedMechanotransduction,
    title = {{Flow-Mediated Endothelial Mechanotransduction}},
    year = {1995},
    journal = {PHYSIOLOGICAL REVIEWS},
    author = {Davies, Peter F},
    number = {3},
    volume = {75},
    url = {http://www.physiology.org/doi/pdf/10.1152/physrev.1995.75.3.519}
}

@incollection{Dienel2017FluxesNoradrenaline,
    title = {{Fluxes of Lactate Into, From, and Among Gap Junction-Coupled Astroglia and Their Interaction With Noradrenaline}},
    year = {2017},
    booktitle = {Noradrenergic Signaling and Astroglia},
    author = {Dienel, Gerald A.},
    pages = {145--166},
    publisher = {Elsevier},
    url = {http://linkinghub.elsevier.com/retrieve/pii/B9780128050880000074},
    isbn = {9780128050880},
    doi = {10.1016/B978-0-12-805088-0.00007-4}
}

@article{Watrous2013Frequency-specificRetrieval.,
    title = {{Frequency-specific network connectivity increases underlie accurate spatiotemporal memory retrieval.}},
    year = {2013},
    journal = {Nature neuroscience},
    author = {Watrous, Andrew J and Tandon, Nitin and Conner, Chris R and Pieters, Thomas and Ekstrom, Arne D},
    number = {3},
    pages = {349--56},
    volume = {16},
    publisher = {Nature Publishing Group},
    url = {http://www.pubmedcentral.nih.gov/articlerender.fcgi?artid=3581758&tool=pmcentrez&rendertype=abstract},
    isbn = {1546-1726 (Electronic){\textbackslash}n1097-6256 (Linking)},
    doi = {10.1038/nn.3315},
    issn = {1546-1726},
    pmid = {23354333},
    arxivId = {NIHMS150003},
    keywords = {Adult, Brain, Brain Mapping, Brain: physiology, Brain: physiopathology, Epilepsy, Epilepsy: physiopathology, Functional Neuroimaging, Humans, Memory, Memory: physiology, Mental Recall, Mental Recall: physiology, Nerve Net, Nerve Net: physiology, Nerve Net: physiopathology, Neuropsychological Tests, Space Perception, Space Perception: physiology}
}

@article{Vijayan2017FrontalSleep,
    title = {{Frontal beta-theta network during REM sleep}},
    year = {2017},
    journal = {eLife},
    author = {Vijayan, Sujith and Lepage, Kyle Q and Kopell, Nancy J and Cash, Sydney S},
    month = {1},
    pages = {e18894},
    volume = {6},
    publisher = {eLife Sciences Publications Limited},
    url = {https://elifesciences.org/articles/18894},
    doi = {10.7554/eLife.18894}
}

@article{Full-text,
    title = {{full-text}}
}

@article{Park2017FunctionalMapping,
    title = {{Functional Subpopulations of Neurons in a Macaque Face Patch Revealed by Single-Unit fMRI Mapping}},
    year = {2017},
    journal = {Neuron},
    author = {Park, Soo Hyun and Russ, Brian E. and McMahon, David B.T. and Koyano, Kenji W. and Berman, Rebecca A. and Leopold, David A.},
    number = {4},
    month = {8},
    pages = {971--981},
    volume = {95},
    publisher = {Cell Press},
    url = {https://www.sciencedirect.com/science/article/pii/S0896627317306360#fig1},
    isbn = {0896-6273},
    doi = {10.1016/j.neuron.2017.07.014},
    issn = {10974199},
    pmid = {28757306}
}

@article{Thrane2012GeneralCortex.,
    title = {{General anesthesia selectively disrupts astrocyte calcium signaling in the awake mouse cortex.}},
    year = {2012},
    journal = {Proceedings of the National Academy of Sciences of the United States of America},
    author = {Thrane, Alexander Stanley and Rangroo Thrane, Vinita and Zeppenfeld, Douglas and Lou, Nanhong and Xu, Qiwu and Nagelhus, Erlend Arnulf and Nedergaard, Maiken},
    number = {46},
    month = {11},
    pages = {18974--9},
    volume = {109},
    publisher = {National Academy of Sciences},
    url = {http://www.ncbi.nlm.nih.gov/pubmed/23112168 http://www.pubmedcentral.nih.gov/articlerender.fcgi?artid=PMC3503159},
    doi = {10.1073/pnas.1209448109},
    issn = {1091-6490},
    pmid = {23112168}
}

@article{Barros2018GliaPerspective,
    title = {{Glia in brain energy metabolism: A perspective}},
    year = {2018},
    journal = {Glia},
    author = {Barros, L. Felipe and Brown, Angus and Swanson, Raymond A.},
    number = {6},
    month = {6},
    pages = {1134--1137},
    volume = {66},
    publisher = {Wiley-Blackwell},
    url = {http://doi.wiley.com/10.1002/glia.23316},
    doi = {10.1002/glia.23316},
    issn = {08941491},
    keywords = {axon, glucose, glutamate, glycogen, lactate, nitric oxide, superoxide}
}

@article{2015GlialCommunication,
    title = {{Glial Regulation of the Neuronal Connectome through Local and Long-Distant Communication}},
    year = {2015},
    journal = {Neuron},
    number = {2},
    month = {4},
    pages = {374--386},
    volume = {86},
    publisher = {Cell Press},
    url = {https://www.sciencedirect.com/science/article/pii/S0896627315000409},
    doi = {10.1016/J.NEURON.2015.01.014}
}

@article{BenvenisteGlymphaticSystem,
    title = {{Glymphatic System}},
    author = {Benveniste, Helene and Nedergaard, Maiken},
    url = {https://link.springer.com/content/pdf/10.1007/978-1-4614-6434-1_138-1.pdf},
    doi = {10.1007/978-1-4614-6434-1{\_}138-1}
}

@article{Kucewicz2014HighMemory,
    title = {{High frequency oscillations are associated with cognitive processing in human recognition memory}},
    year = {2014},
    journal = {Brain},
    author = {Kucewicz, Michal T. and Cimbalnik, Jan and Matsumoto, Joseph Y. and Brinkmann, Benjamin H. and Bower, Mark R. and Vasoli, Vincent and Sulc, Vlastimil and Meyer, Fred and Marsh, W. R. and Stead, S. M. and Worrell, Gregory A.},
    number = {8},
    pages = {2231--2244},
    volume = {137},
    isbn = {0006-8950},
    doi = {10.1093/brain/awu149},
    issn = {14602156},
    pmid = {24919972},
    keywords = {cognitive processing, gamma oscillations, high frequency oscillations, memory, neural networks}
}

@article{Otsubo2008High-frequencyPatient,
    title = {{High-frequency oscillations of ictal muscle activity and epileptogenic discharges on intracranial EEG in a temporal lobe epilepsy patient}},
    year = {2008},
    author = {Otsubo, Hiroshi and Ochi, Ayako and Imai, Katsumi and Akiyama, Tomoyuki},
    pages = {862--868},
    volume = {119},
    doi = {10.1016/j.clinph.2007.12.014},
    keywords = {high-frequency oscillations, intracranial video-eeg, multiple band frequency analysis, muscle high-frequency oscillations, temporal lobe}
}

@article{Bastos-Leite2011HippocampalSubjects.,
    title = {{Hippocampal sulcus width and cavities: comparison between patients with Alzheimer disease and nondemented elderly subjects.}},
    year = {2011},
    journal = {AJNR. American journal of neuroradiology},
    author = {Bastos-Leite, A J and van Waesberghe, J H and Oen, A L and van der Flier, W M and Scheltens, P and Barkhof, F and Chabriat, H.},
    number = {10},
    month = {4},
    pages = {2141--5},
    volume = {27},
    publisher = {American Journal of Neuroradiology},
    url = {http://www.ncbi.nlm.nih.gov/pubmed/17110684},
    doi = {10.3174/ajnr.a2366},
    issn = {0195-6108},
    pmid = {17110684}
}

@article{Imeri2009HowSleep,
    title = {{How (and why) the immune system makes us sleep}},
    year = {2009},
    journal = {Nature Reviews Neuroscience},
    author = {Imeri, Luca and Opp, Mark R.},
    number = {3},
    month = {3},
    pages = {199--210},
    volume = {10},
    publisher = {Nature Publishing Group},
    url = {http://www.nature.com/articles/nrn2576},
    doi = {10.1038/nrn2576},
    issn = {1471-003X}
}

@article{Corsi-Cabrera2016HumanStudy,
    title = {{Human amygdala activation during rapid eye movements of rapid eye movement sleep: an intracranial study}},
    year = {2016},
    journal = {Journal of Sleep Research},
    author = {Corsi-Cabrera, María and Velasco, Francisco and del R{\'{i}}o-Portilla, Yolanda and Armony, Jorge L. and Trejo-Mart{\'{i}}nez, David and Guevara, Miguel A. and Velasco, Ana L.},
    number = {5},
    month = {10},
    pages = {576--582},
    volume = {25},
    url = {http://doi.wiley.com/10.1111/jsr.12415},
    doi = {10.1111/jsr.12415}
}

@article{Absinta2017HumanMRI,
    title = {{Human and nonhuman primate meninges harbor lymphatic vessels that can be visualized noninvasively by MRI}},
    year = {2017},
    journal = {eLife},
    author = {Absinta, Martina and Ha, Seung-Kwon and Nair, Govind and Sati, Pascal and Luciano, Nicholas J and Palisoc, Maryknoll and Louveau, Antoine and Zaghloul, Kareem A and Pittaluga, Stefania and Kipnis, Jonathan and Reich, Daniel S},
    month = {10},
    pages = {e29738},
    volume = {6},
    publisher = {eLife Sciences Publications Limited},
    url = {https://elifesciences.org/articles/29738},
    doi = {10.7554/eLife.29738},
    issn = {2050-084X},
    keywords = {MRI, lymphatics, marmoset monkey, meninges}
}

@article{Martinet2017HumanDynamics,
    title = {{Human seizures couple across spatial scales through travelling wave dynamics}},
    year = {2017},
    journal = {Nature Communications},
    author = {Martinet, L-E and Fiddyment, G. and Madsen, J. R. and Eskandar, E. N. and Truccolo, W. and Eden, U. T. and Cash, S. S. and Kramer, M. A.},
    month = {4},
    pages = {14896},
    volume = {8},
    publisher = {Nature Publishing Group},
    url = {http://www.nature.com/doifinder/10.1038/ncomms14896},
    doi = {10.1038/ncomms14896},
    issn = {2041-1723},
    keywords = {Applied mathematics, Epilepsy}
}

@article{Weiss2013IctalHumans,
    title = {{Ictal high frequency oscillations distinguish two types of seizure territories in humans}},
    year = {2013},
    journal = {Brain},
    author = {Weiss, Shennan A. and Banks, Garrett P. and McKhann, Guy M. and Goodman, Robert R. and Emerson, Ronald G. and Trevelyan, Andrew J. and Schevon, Catherine A.},
    number = {12},
    month = {12},
    pages = {3796--3808},
    volume = {136},
    publisher = {Oxford University Press},
    url = {https://academic.oup.com/brain/article-lookup/doi/10.1093/brain/awt276},
    doi = {10.1093/brain/awt276},
    issn = {1460-2156},
    keywords = {microelectrodes, seizures, subdural space}
}

@article{Dreha-Kulaczewski2017IdentificationSystem,
    title = {{Identification of the Upward Movement of Human CSF In Vivo and its Relation to the Brain Venous System}},
    year = {2017},
    author = {Dreha-Kulaczewski, Steffi and Joseph, Arun A and Merboldt, Klaus-Dietmar and Ludwig, Xhans-Christoph and G{\"{a}}rtner, Jutta and Frahm, X Jens},
    url = {http://www.jneurosci.org/content/jneuro/37/9/2395.full.pdf},
    doi = {10.1523/JNEUROSCI.2754-16.2017},
    keywords = {CSF, human, in vivo flow, phase-contrast real-time MRI, respiration}
}

@article{BonventoImagingDiseases,
    title = {{Imaging and spectroscopic approaches to probe brain energy metabolism dysregulation in neurodegenerative diseases Impaired energy metabolism is a hallmark of neurodegenerative diseases}},
    author = {Bonvento, Gilles and Valette, Julien and Flament, Julien and Mochel, Fanny and Brouillet, Emmanuel},
    url = {http://journals.sagepub.com/doi/pdf/10.1177/0271678X17697989},
    doi = {10.1177/0271678X17697989},
    keywords = {Brain imaging, MR spectroscopy, astrocytes, neurodegeneration, white matter/oligodendrocytes}
}

@article{Magistretti2016ImagingPlasticity.,
    title = {{Imaging brain aerobic glycolysis as a marker of synaptic plasticity.}},
    year = {2016},
    journal = {Proceedings of the National Academy of Sciences of the United States of America},
    author = {Magistretti, Pierre J},
    number = {26},
    month = {6},
    pages = {7015--6},
    volume = {113},
    publisher = {National Academy of Sciences},
    url = {http://www.ncbi.nlm.nih.gov/pubmed/27317739 http://www.pubmedcentral.nih.gov/articlerender.fcgi?artid=PMC4932986},
    doi = {10.1073/pnas.1607423113},
    issn = {1091-6490},
    pmid = {27317739}
}

@article{Tarantini2017ImpairedDecline,
    title = {{Impaired neurovascular coupling in aging and Alzheimer's disease: Contribution of astrocyte dysfunction and endothelial impairment to cognitive decline}},
    year = {2017},
    journal = {Experimental Gerontology},
    author = {Tarantini, Stefano and Tran, Cam Ha T. and Gordon, Grant R. and Ungvari, Zoltan and Csiszar, Anna},
    month = {8},
    pages = {52--58},
    volume = {94},
    publisher = {Pergamon},
    url = {https://www.sciencedirect.com/science/article/pii/S0531556516303990},
    doi = {10.1016/J.EXGER.2016.11.004},
    issn = {0531-5565}
}

@article{Iliff2014ImpairmentInjury.,
    title = {{Impairment of glymphatic pathway function promotes tau pathology after traumatic brain injury.}},
    year = {2014},
    journal = {The Journal of neuroscience : the official journal of the Society for Neuroscience},
    author = {Iliff, Jeffrey J and Chen, Michael J and Plog, Benjamin A and Zeppenfeld, Douglas M and Soltero, Melissa and Yang, Lijun and Singh, Itender and Deane, Rashid and Nedergaard, Maiken},
    number = {49},
    month = {12},
    pages = {16180--93},
    volume = {34},
    publisher = {Society for Neuroscience},
    url = {http://www.ncbi.nlm.nih.gov/pubmed/25471560 http://www.pubmedcentral.nih.gov/articlerender.fcgi?artid=PMC4252540},
    doi = {10.1523/JNEUROSCI.3020-14.2014},
    issn = {1529-2401},
    pmid = {25471560},
    keywords = {AQP4, aquaporin-4, cerebrospinal fluid, neurodegeneration, tauopathy, traumatic brain injury}
}

@article{Kress2014ImpairmentBrain,
    title = {{Impairment of paravascular clearance pathways in the aging brain}},
    year = {2014},
    journal = {Annals of Neurology},
    author = {Kress, Benjamin T. and Iliff, Jeffrey J. and Xia, Maosheng and Wang, Minghuan and Wei, Helen S. and Zeppenfeld, Douglas and Xie, Lulu and Kang, Hongyi and Xu, Qiwu and Liew, Jason A. and Plog, Benjamin A. and Ding, Fengfei and Deane, Rashid and Nedergaard, Maiken},
    number = {6},
    month = {12},
    pages = {845--861},
    volume = {76},
    url = {http://doi.wiley.com/10.1002/ana.24271},
    doi = {10.1002/ana.24271},
    issn = {03645134}
}

@article{Kayser2010InTechniques,
    title = {{In search of the Rosetta Stone for scalp EEG: Converging on reference-free techniques}},
    year = {2010},
    author = {Kayser, rgen and Tenke, Craig E},
    url = {https://ac.els-cdn.com/S1388245710004141/1-s2.0-S1388245710004141-main.pdf?_tid=65c8283e-bfef-11e7-b665-00000aab0f26&acdnat=1509642240_e6be2a6748f1f2a3b6d94feda969d4aa},
    doi = {10.1016/j.clinph.2010.04.030}
}

@article{WatanabeInHistology,
    title = {{In Vivo Brain MR Imaging at Subnanoliter Resolution: Contrast and Histology}},
    author = {Watanabe, Takashi and Frahm, Jens and Michaelis, Thomas},
    url = {https://www.jstage.jst.go.jp/article/mrms/15/1/15_2015-0048/_pdf},
    doi = {10.2463/mrms.2015-0048}
}

@article{Gao2017InferringPotentials,
    title = {{Inferring synaptic excitation/inhibition balance from field potentials}},
    year = {2017},
    journal = {NeuroImage},
    author = {Gao, Richard and Peterson, Erik J. and Voytek, Bradley},
    month = {9},
    pages = {70--78},
    volume = {158},
    publisher = {Academic Press},
    url = {https://www.sciencedirect.com/science/article/pii/S1053811917305621},
    doi = {10.1016/J.NEUROIMAGE.2017.06.078},
    issn = {1053-8119}
}

@article{Dreha-Kulaczewski2015InspirationFlow,
    title = {{Inspiration Is the Major Regulator of Human CSF Flow}},
    year = {2015},
    journal = {The Journal of neuroscience},
    author = {Dreha-Kulaczewski, Steffi and Joseph, Arun A and Merboldt, Klaus-Dietmar and Ludwig, Xhans-Christoph and G{\"{a}}rtner, Jutta and Frahm, X Jens},
    number = {6},
    pages = {2485--2491},
    volume = {35},
    url = {http://www.jneurosci.org/content/jneuro/35/6/2485.full.pdf},
    doi = {10.1523/JNEUROSCI.3246-14.2015}
}

@article{Isomura2006IntegrationOscillations,
    title = {{Integration and Segregation of Activity in Entorhinal-Hippocampal Subregions by Neocortical Slow Oscillations}},
    year = {2006},
    journal = {Neuron},
    author = {Isomura, Yoshikazu and Sirota, Anton and Zen, Simal and Montgomery, Sean and Mizuseki, Kenji and Henze, Darrell A and Rgy Buzs{\'{a}} Ki, Gyö},
    pages = {871--882},
    volume = {52},
    publisher = {Elsevier Inc},
    url = {http://www.cell.com/neuron/pdf/S0896-6273(06)00822-1.pdf},
    doi = {10.1016/j.neuron.2006.10.023}
}

@article{Koerte2013Inter-MRI,
    title = {{Inter- and intra-rater reliability of blood and cerebrospinal fluid flow quantification by phase-contrast MRI}},
    year = {2013},
    journal = {Journal of Magnetic Resonance Imaging},
    author = {Koerte, Inga and Haberl, Caroline and Schmidt, Michael and Pomschar, Andreas and Lee, Sang and Rapp, Petra and Steffinger, Denise and Tain, Rong-Wen and Alperin, Noam and Ertl-Wagner, Birgit},
    number = {3},
    month = {9},
    pages = {655--662},
    volume = {38},
    url = {http://doi.wiley.com/10.1002/jmri.24013},
    doi = {10.1002/jmri.24013},
    issn = {10531807},
    keywords = {MR phase‐contrast imaging, flow quantitation, inter‐rater reliability, intra‐rater reliability, pulsatility‐based segmentation}
}

@article{Steyn-RossInteractingOscillation,
    title = {{Interacting Turing-Hopf Instabilities Drive Symmetry-Breaking Transitions in a Mean-Field Model of the Cortex: A Mechanism for the Slow Oscillation}},
    author = {Steyn-Ross, Moira L and Steyn-Ross, D A and Sleigh, J W},
    url = {https://journals.aps.org/prx/pdf/10.1103/PhysRevX.3.021005},
    doi = {10.1103/PhysRevX.3.021005},
    keywords = {Biological Physics, Complex Systems, Nonlinear Dynamics, Subject Areas}
}

@article{Gelinas2016InterictalEpilepsy,
    title = {{Interictal epileptiform discharges induce hippocampal–cortical coupling in temporal lobe epilepsy}},
    year = {2016},
    journal = {Nature Medicine},
    author = {Gelinas, Jennifer N and Khodagholy, Dion and Thesen, Thomas and Devinsky, Orrin and Buzs{\'{a}}ki, György},
    number = {6},
    month = {4},
    pages = {641--648},
    volume = {22},
    publisher = {Nature Publishing Group},
    url = {http://www.nature.com/doifinder/10.1038/nm.4084},
    doi = {10.1038/nm.4084}
}

@article{Hermes2010IntracellularDisease,
    title = {{Intracellular calcium signalling in Alzheimer’s disease}},
    year = {2010},
    journal = {Journal of Cellular and Molecular Medicine},
    author = {Hermes, Marina and Eichhoff, Gerhard and Garaschuk, Olga},
    number = {1-2},
    month = {1},
    pages = {30--41},
    volume = {14},
    publisher = {Blackwell Publishing Ltd},
    url = {http://doi.wiley.com/10.1111/j.1582-4934.2009.00976.x},
    doi = {10.1111/j.1582-4934.2009.00976.x},
    issn = {15821838},
    keywords = {calcium dyshomeostasis, hyperactivity, in vivo calcium imaging, plaque vicinity, seizure, two‐photon microscopy}
}

@article{Tain2013IntracranialVolume,
    title = {{Intracranial pressure dynamics are not linked to aqueductal cerebrospinal fluid stroke volume}},
    year = {2013},
    journal = {Journal of Applied Physiology},
    author = {Tain, Rong-Wen and Alperin, Noam},
    number = {11},
    month = {6},
    pages = {1645--1645},
    volume = {114},
    publisher = { American Physiological Society Bethesda, MD},
    url = {http://www.physiology.org/doi/10.1152/japplphysiol.00357.2013},
    doi = {10.1152/japplphysiol.00357.2013},
    issn = {8750-7587}
}

@article{Magistretti2018LactateMolecule,
    title = {{Lactate in the brain: from metabolic end-product to signalling molecule}},
    year = {2018},
    journal = {Nature Reviews Neuroscience},
    author = {Magistretti, Pierre J. and Allaman, Igor},
    number = {4},
    month = {3},
    pages = {235--249},
    volume = {19},
    publisher = {Nature Publishing Group},
    url = {http://www.nature.com/doifinder/10.1038/nrn.2018.19},
    doi = {10.1038/nrn.2018.19},
    issn = {1471-003X},
    keywords = {Astrocyte, Bioenergetics, Energy metabolism, Neuronal physiology, Transporters in the nervous system}
}

@article{Mitra2014LagFMRI,
    title = {{Lag structure in resting-state fMRI}},
    year = {2014},
    journal = {Journal of Neurophysiology},
    author = {Mitra, A. and Snyder, A. Z. and Hacker, C. D. and Raichle, M. E.},
    number = {11},
    month = {6},
    pages = {2374--2391},
    volume = {111},
    publisher = { American Physiological Society Bethesda, MD},
    url = {http://www.physiology.org/doi/10.1152/jn.00804.2013},
    doi = {10.1152/jn.00804.2013},
    issn = {0022-3077},
    keywords = {dynamics, fMRI, functional connectivity, resting state}
}

@article{Mitra2015LagActivity.,
    title = {{Lag threads organize the brain's intrinsic activity.}},
    year = {2015},
    journal = {Proceedings of the National Academy of Sciences of the United States of America},
    author = {Mitra, Anish and Snyder, Abraham Z and Blazey, Tyler and Raichle, Marcus E},
    number = {17},
    month = {4},
    pages = {2235--44},
    volume = {112},
    publisher = {National Academy of Sciences},
    url = {http://www.ncbi.nlm.nih.gov/pubmed/25825720 http://www.pubmedcentral.nih.gov/articlerender.fcgi?artid=PMC4418865},
    doi = {10.1073/pnas.1503960112},
    issn = {1091-6490},
    pmid = {25825720},
    keywords = {dynamics, fMRI, intrinsic activity, resting state}
}

@article{Gao2017Learning-basedFitting,
    title = {{Learning-based automated segmentation of the carotid artery vessel wall in dual-sequence MRI using subdivision surface fitting}},
    year = {2017},
    journal = {Medical Physics},
    author = {Gao, Shan and van ‘t Klooster, Ronald and Kitslaar, Pieter H. and Coolen, Bram F. and van den Berg, Alexandra M. and Smits, Loek P. and Shahzad, Rahil and Shamonin, Denis P. and de Koning, Patrick J.H. and Nederveen, Aart J. and van der Geest, Rob J.},
    number = {10},
    month = {10},
    pages = {5244--5259},
    volume = {44},
    publisher = {Wiley-Blackwell},
    url = {http://doi.wiley.com/10.1002/mp.12476},
    doi = {10.1002/mp.12476},
    issn = {00942405},
    keywords = {3D segmentation, 3D vessel wall MRI, carotid bifurcation, hierarchical‐tree model, subdivision surface}
}

@misc{Siclari2017LocalWakefulness,
    title = {{Local aspects of sleep and wakefulness}},
    year = {2017},
    booktitle = {Current Opinion in Neurobiology},
    author = {Siclari, Francesca and Tononi, Giulio},
    pages = {222--227},
    volume = {44},
    url = {http://dx.doi.org/10.1016/j.conb.2017.05.008},
    isbn = {1873-6882 (Electronic) 0959-4388 (Linking)},
    doi = {10.1016/j.conb.2017.05.008},
    issn = {18736882},
    pmid = {28575720}
}

@article{Goyal2017LossAging,
    title = {{Loss of Brain Aerobic Glycolysis in Normal Human Aging}},
    year = {2017},
    journal = {Cell Metabolism},
    author = {Goyal, Manu S. and Vlassenko, Andrei G. and Blazey, Tyler M. and Su, Yi and Couture, Lars E. and Durbin, Tony J. and Bateman, Randall J. and Benzinger, Tammie L.-S. and Morris, John C. and Raichle, Marcus E.},
    number = {2},
    month = {8},
    pages = {353--360},
    volume = {26},
    publisher = {Cell Press},
    url = {https://www.sciencedirect.com/science/article/pii/S155041311730431X},
    doi = {10.1016/J.CMET.2017.07.010},
    issn = {1550-4131}
}

@article{deVivo2016LossCortex,
    title = {{Loss of Sleep Affects the Ultrastructure of Pyramidal Neurons in the Adolescent Mouse Frontal Cortex}},
    year = {2016},
    journal = {SLEEP},
    author = {de Vivo, Luisa and Nelson, Aaron B and Bellesi, Michele and Noguti, Juliana and Tononi, Giulio and Cirelli, Chiara},
    number = {4},
    volume = {39},
    url = {https://watermark.silverchair.com/sleep-39-4-861.pdf?token=AQECAHi208BE49Ooan9kkhW_Ercy7Dm3ZL_9Cf3qfKAc485ysgAAAc0wggHJBgkqhkiG9w0BBwagggG6MIIBtgIBADCCAa8GCSqGSIb3DQEHATAeBglghkgBZQMEAS4wEQQMOm1TfJ7KwwqRN8BdAgEQgIIBgAKY4503aHOOsq2xQQJcdgnjwtZPim8TFDeaaLA1},
    doi = {10.5665/sleep.5644}
}

@article{LafonLowRecordings,
    title = {{Low frequency transcranial electrical stimulation does not entrain sleep rhythms measured by human intracranial recordings}},
    author = {Lafon, Belen and Henin, Simon and Huang, Yu and Friedman, Daniel and Melloni, Lucia and Thesen, Thomas and Doyle, Werner and Buzs{\'{a}}ki, György and Devinsky, Orrin and Parra, Lucas C and Liu, Anli A},
    url = {https://www.nature.com/articles/s41467-017-01045-x.pdf},
    doi = {10.1038/s41467-017-01045-x}
}

@article{Bunck2012MagneticSyringomyelia,
    title = {{Magnetic resonance 4D flow analysis of cerebrospinal fluid dynamics in Chiari I malformation with and without syringomyelia}},
    year = {2012},
    journal = {Eur Radiol},
    author = {Bunck, Alexander C and Kroeger, Jan Robert and Juettner, Alena and Brentrup, Angela and Fiedler, Barbara and Crelier, Gerard R and Martin, Bryn A and Heindel, Walter and Maintz, David and Schwindt, Wolfram and Niederstadt, Thomas and Bunck, A C and Kroeger, J R and Juettner, : A and Heindel, : W and Maintz, D and Schwindt, W and Niederstadt, T and Brentrup, A and Fiedler, B and Crelier, G R and Martin, B A},
    pages = {1860--1870},
    volume = {22},
    url = {https://link.springer.com/content/pdf/10.1007%2Fs00330-012-2457-7.pdf},
    doi = {10.1007/s00330-012-2457-7},
    keywords = {Cerebrospinal fluid 4D flow imaging MRI, Chiari malformation, Introduction, Syringomyelia}
}

@article{XiaMechanismSystem,
    title = {{Mechanism of depression as a risk factor in the development of Alzheimer's disease: the function of AQP4 and the glymphatic system}},
    journal = {Psychopharmacology},
    author = {Xia, Maosheng and Yang, Li and Sun, Guangfeng and Qi, Shuang and Li, Baoman},
    url = {https://link.springer.com/content/pdf/10.1007%2Fs00213-016-4473-9.pdf},
    doi = {10.1007/s00213-016-4473-9},
    keywords = {Alzheimer’s disease, Amyloid beta 42, Chronic unpredictable mild stress, Depression, Glymphatic pathway}
}

@article{Mohajerani2010MirroredMice,
    title = {{Mirrored Bilateral Slow-Wave Cortical Activity within Local Circuits Revealed by Fast Bihemispheric Voltage-Sensitive Dye Imaging in Anesthetized and Awake Mice}},
    year = {2010},
    journal = {Journal of Neuroscience},
    author = {Mohajerani, M. H. and McVea, D. A. and Fingas, M. and Murphy, T. H.},
    number = {10},
    pages = {3745--3751},
    volume = {30},
    url = {http://www.jneurosci.org/cgi/doi/10.1523/JNEUROSCI.6437-09.2010},
    isbn = {1529-2401 (Electronic){\textbackslash}n0270-6474 (Linking)},
    doi = {10.1523/JNEUROSCI.6437-09.2010},
    issn = {0270-6474},
    pmid = {20220008}
}

@article{Tan2017Model-basedAccuracy,
    title = {{Model-based reconstruction for real-time phase-contrast flow MRI: Improved spatiotemporal accuracy}},
    year = {2017},
    journal = {Magnetic Resonance in Medicine},
    author = {Tan, Zhengguo and Roeloffs, Volkert and Voit, Dirk and Joseph, Arun A. and Untenberger, Markus and Merboldt, K. Dietmar and Frahm, Jens},
    number = {3},
    month = {3},
    pages = {1082--1093},
    volume = {77},
    url = {http://doi.wiley.com/10.1002/mrm.26192},
    doi = {10.1002/mrm.26192}
}

@article{David2008ModelingVasculature,
    title = {{Modeling perfusion in the cerebral vasculature}},
    year = {2008},
    journal = {Medical Engineering {\&} Physics},
    author = {David, T. and Moore, S.},
    number = {10},
    month = {12},
    pages = {1227--1245},
    volume = {30},
    publisher = {Elsevier},
    url = {https://www.sciencedirect.com/science/article/pii/S1350453308001616},
    doi = {10.1016/J.MEDENGPHY.2008.09.008},
    issn = {1350-4533}
}

@article{Henneberger2012MonitoringPipettes,
    title = {{Monitoring local synaptic activity with astrocytic patch pipettes}},
    year = {2012},
    journal = {nature protocols},
    author = {Henneberger, Christian and Rusakov, Dmitri},
    number = {12},
    volume = {7},
    url = {https://www.nature.com/nprot/journal/v7/n12/pdf/nprot.2012.140.pdf},
    doi = {10.1038/nprot.2012.140}
}

@article{Boespflug2017MRStrength,
    title = {{MR Imaging–based Multimodal Autoidentification of Perivascular Spaces (mMAPS): Automated Morphologic Segmentation of Enlarged Perivascular Spaces at Clinical Field Strength}},
    year = {2017},
    journal = {Radiology},
    author = {Boespflug, Erin L. and Schwartz, Daniel L. and Lahna, David and Pollock, Jeffrey and Iliff, Jeffrey J. and Kaye, Jeffrey A. and Rooney, William and Silbert, Lisa C.},
    number = {0},
    month = {8},
    pages = {170205},
    volume = {000},
    publisher = {Radiological Society of North America},
    url = {http://pubs.rsna.org/doi/10.1148/radiol.2017170205},
    doi = {10.1148/radiol.2017170205},
    issn = {0033-8419},
    pmid = {28853674}
}

@inproceedings{Tain2008MRI-basedApproach,
    title = {{MRI-based noninvasive measurement of intracranial compliance derived from the relationship between transcranial blood and cerebrospinal fluid flows: modeling vs. direct approach}},
    year = {2008},
    author = {Tain, Rong-Wen and Alperin, Noam},
    editor = {Hu, Xiaoping P. and Clough, Anne V.},
    month = {3},
    pages = {691610},
    volume = {6916},
    publisher = {International Society for Optics and Photonics},
    url = {http://proceedings.spiedigitallibrary.org/proceeding.aspx?doi=10.1117/12.770851},
    doi = {10.1117/12.770851},
    keywords = {CSF flow dynamics, craniospinal system, intracranial compliance}
}

@article{Kutz2016Multiresolution,
    title = {{Multiresolution Dynamic Mode Decomposition *}},
    year = {2016},
    journal = {Society for Industrial and Applied Mathematics},
    author = {Kutz, J Nathan and Fu, Xing and Brunton, Steven L},
    number = {2},
    pages = {713--735},
    volume = {15},
    url = {http://epubs.siam.org/doi/pdf/10.1137/15M1023543},
    doi = {10.1137/15M1023543},
    keywords = {37G99, 37L65, Koopman operator, dynamic mode decomposition, dynamical systems}
}

@article{Eissa2016MultiscaleNeocortex,
    title = {{Multiscale Aspects of Generation of High-Gamma Activity during Seizures in Human Neocortex}},
    year = {2016},
    journal = {eNeuro},
    author = {Eissa, T. L. and Tryba, A. K. and Marcuccilli, C. J. and Ben-Mabrouk, F. and Smith, E. H. and Lew, S. M. and Goodman, R. R. and McKhann, G. M. and Frim, D. M. and Pesce, L. L. and Kohrman, M. H. and Emerson, R. G. and Schevon, C. A. and van Drongelen, W.},
    number = {2},
    month = {5},
    pages = {0141--15},
    volume = {3},
    publisher = {Society for Neuroscience},
    url = {http://eneuro.sfn.org/cgi/doi/10.1523/ENEURO.0141-15.2016},
    doi = {10.1523/ENEURO.0141-15.2016},
    issn = {2373-2822}
}

@article{Liou2017MultivariateRecordings,
    title = {{Multivariate regression methods for estimating velocity of ictal discharges from human microelectrode recordings}},
    year = {2017},
    journal = {Journal of Neural Engineering},
    author = {Liou, Jyun-you and Smith, Elliot H and Bateman, Lisa M and McKhann, Guy M and Goodman, Robert R and Greger, Bradley and Davis, Tyler S and Kellis, Spencer S and House, Paul A and Schevon, Catherine A},
    number = {4},
    month = {8},
    pages = {044001},
    volume = {14},
    publisher = {IOP Publishing},
    url = {http://stacks.iop.org/1741-2552/14/i=4/a=044001?key=crossref.2ce8baef7260797219345b344939559b},
    doi = {10.1088/1741-2552/aa68a6},
    issn = {1741-2560}
}

@article{2016NetworkSleep,
    title = {{Network Homeostasis and State Dynamics of Neocortical Sleep}},
    year = {2016},
    journal = {Neuron},
    number = {4},
    month = {5},
    pages = {839--852},
    volume = {90},
    publisher = {Cell Press},
    url = {http://www.sciencedirect.com/science/article/pii/S0896627316300563},
    doi = {10.1016/J.NEURON.2016.03.036}
}

@article{Fisch2009NeuralCortex,
    title = {{Neural "Ignition": Enhanced Activation Linked to Perceptual Awareness in Human Ventral Stream Visual Cortex}},
    year = {2009},
    journal = {Neuron},
    author = {Fisch, Lior and Privman, Eran and Ramot, Michal and Harel, Michal and Nir, Yuval and Kipervasser, Svetlana and Andelman, Fani and Neufeld, Miri Y. and Kramer, Uri and Fried, Itzhak and Malach, Rafael},
    number = {4},
    pages = {562--574},
    volume = {64},
    publisher = {Elsevier Ltd},
    url = {http://dx.doi.org/10.1016/j.neuron.2009.11.001},
    isbn = {1097-4199 (Electronic){\textbackslash}r0896-6273 (Linking)},
    doi = {10.1016/j.neuron.2009.11.001},
    issn = {08966273},
    pmid = {19945397},
    keywords = {sysneuro}
}

@article{Breunig2011NeuralProspects,
    title = {{Neural Stem Cells: Historical Perspective and Future Prospects}},
    year = {2011},
    journal = {Neuron},
    author = {Breunig, Joshua J. and Haydar, Tarik F. and Rakic, Pasko},
    number = {4},
    month = {5},
    pages = {614--625},
    volume = {70},
    publisher = {Cell Press},
    url = {https://www.sciencedirect.com/science/article/pii/S0896627311003837},
    doi = {10.1016/J.NEURON.2011.05.005}
}

@article{Ball2009NeuroImageEEG,
    title = {{NeuroImage Signal quality of simultaneously recorded invasive and non-invasive EEG}},
    year = {2009},
    journal = {NeuroImage},
    author = {Ball, Tonio and Kern, Markus and Mutschler, Isabella and Aertsen, Ad and Schulze-bonhage, Andreas},
    number = {3},
    pages = {708--716},
    volume = {46},
    publisher = {Elsevier Inc.},
    url = {http://dx.doi.org/10.1016/j.neuroimage.2009.02.028},
    doi = {10.1016/j.neuroimage.2009.02.028},
    issn = {1053-8119}
}

@article{Magistretti2017Neuron-gliaNeuroprotection,
    title = {{Neuron-glia metabolic coupling: Role in plasticity and neuroprotection}},
    year = {2017},
    journal = {Journal of the Neurological Sciences},
    author = {Magistretti, P.},
    month = {10},
    pages = {24},
    volume = {381},
    publisher = {Elsevier},
    url = {http://linkinghub.elsevier.com/retrieve/pii/S0022510X17306044},
    doi = {10.1016/j.jns.2017.08.107},
    issn = {0022510X}
}

@article{Fernandez-Moncada2018NeuronalEffect.,
    title = {{Neuronal control of astrocytic respiration through a variant of the Crabtree effect.}},
    year = {2018},
    journal = {Proceedings of the National Academy of Sciences of the United States of America},
    author = {Fern{\'{a}}ndez-Moncada, Ignacio and Ruminot, Iván and Robles-Maldonado, Daniel and Alegr{\'{i}}a, Karin and Deitmer, Joachim W and Barros, L Felipe},
    number = {7},
    month = {2},
    pages = {1623--1628},
    volume = {115},
    publisher = {National Academy of Sciences},
    url = {http://www.ncbi.nlm.nih.gov/pubmed/29378955 http://www.pubmedcentral.nih.gov/articlerender.fcgi?artid=PMC5816174},
    doi = {10.1073/pnas.1716469115},
    issn = {1091-6490},
    pmid = {29378955},
    keywords = {ATP, NBCe1, aerobic glycolysis, oxygen, potassium}
}

@article{Eban-Rothschild2018NeuronalDrive,
    title = {{Neuronal Mechanisms for Sleep/Wake Regulation and Modulatory Drive}},
    year = {2018},
    journal = {Neuropsychopharmacology},
    author = {Eban-Rothschild, Ada and Appelbaum, Lior and de Lecea, Luis},
    number = {5},
    month = {4},
    pages = {937--952},
    volume = {43},
    publisher = {Nature Publishing Group},
    url = {http://www.nature.com/doifinder/10.1038/npp.2017.294},
    doi = {10.1038/npp.2017.294},
    issn = {0893-133X},
    keywords = {Hypocretin, Inhibition, Molecular neuroscience, Neural circuits, Optogenetics, Sleep, Wakefulness, excitation balance}
}

@misc{Mormann2015NeuronsDirection,
    title = {{Neurons in the human amygdala encode face identity, but not gaze direction}},
    year = {2015},
    booktitle = {Nature Neuroscience},
    author = {Mormann, Florian and Niediek, Johannes and Tudusciuc, Oana and Quesada, Carlos M and Coenen, Volker A and Elger, Christian E and Adolphs, Ralph},
    number = {11},
    month = {11},
    pages = {1568--1570},
    volume = {18},
    publisher = {Nature Publishing Group},
    url = {http://www.nature.com/articles/nn.4139},
    isbn = {1546-1726 (Electronic) 1097-6256 (Linking)},
    doi = {10.1038/nn.4139},
    issn = {15461726},
    pmid = {26479589},
    keywords = {Amygdala, Perception, Sensory processing}
}

@article{Nedergaard2013Neuroscience.Brain.,
    title = {{Neuroscience. Garbage truck of the brain.}},
    year = {2013},
    journal = {Science (New York, N.Y.)},
    author = {Nedergaard, Maiken},
    number = {6140},
    month = {6},
    pages = {1529--30},
    volume = {340},
    publisher = {American Association for the Advancement of Science},
    url = {http://www.ncbi.nlm.nih.gov/pubmed/23812703 http://www.pubmedcentral.nih.gov/articlerender.fcgi?artid=PMC3749839},
    doi = {10.1126/science.1240514},
    issn = {1095-9203},
    pmid = {23812703}
}

@article{Landolt2016NEUROSCIENCE.Wakefulness.,
    title = {{NEUROSCIENCE. Ionic control of sleep and wakefulness.}},
    year = {2016},
    journal = {Science (New York, N.Y.)},
    author = {Landolt, Hans-Peter and Holst, Sebastian C},
    number = {6285},
    month = {4},
    pages = {517--8},
    volume = {352},
    publisher = {American Association for the Advancement of Science},
    url = {http://www.ncbi.nlm.nih.gov/pubmed/27126024},
    doi = {10.1126/science.aaf8178},
    pmid = {27126024}
}

@article{TurskiNeurovascularApplications,
    title = {{Neurovascular 4DFlow MRI (Phase Contrast MRA): emerging clinical applications}},
    author = {Turski, Patrick and Scarano, Andrew and Hartman, Eric and Clark, Zachary and Schubert, Tilman and Rivera, Leonardo and Wu, Yijing and Wieben, Oliver and Johnson, Kevin},
    url = {https://nvijournal.biomedcentral.com/track/pdf/10.1186/s40809-016-0019-0?site=nvijournal.biomedcentral.com},
    doi = {10.1186/s40809-016-0019-0}
}

@article{Kovach2012NIHAccess,
    title = {{NIH Public Access}},
    year = {2012},
    author = {Kovach, Christopher K and Tsuchiya, Naotsugu and Kawasaki, Hiroto and Oya, Hiroyuki and Iii, Mathew A Howard and Adolphs, Ralph},
    number = {1},
    pages = {213--233},
    volume = {54},
    doi = {10.1016/j.neuroimage.2010.08.002.Manifestation},
    keywords = {ecog, emg, eye movement, eye muscle, gamma band, intracranial eeg, saccadic spike}
}

@article{Brunton2016NoTitle,
    title = {{No Title}},
    year = {2016},
    journal = {Proceedings of the National Academy of Sciences of the United States of America},
    author = {Brunton, Steven L and Proctor, Joshua L and Kutz, J Nathan},
    number = {15},
    month = {4},
    pages = {3932--7},
    volume = {113},
    publisher = {National Academy of Sciences},
    url = {http://www.pnas.org/content/113/15/3932.full.pdf?with-ds=yes http://www.ncbi.nlm.nih.gov/pubmed/27035946 http://www.pubmedcentral.nih.gov/articlerender.fcgi?artid=PMC4839439},
    doi = {10.1073/pnas.1517384113},
    issn = {1091-6490},
    pmid = {27035946},
    keywords = {dynamical systems, machine learning, optimization, sparse regression, system identification}
}

@article{Janiga2017NoninvasiveImaging,
    title = {{Noninvasive 4D Flow Characterization in a Stirred Tank via Phase-Contrast Magnetic Resonance Imaging}},
    year = {2017},
    journal = {Chemical Engineering {\&} Technology},
    author = {Janiga, Gábor and Stucht, Daniel and Bord{\'{a}}s, Róbert and Temmel, Erik and Seidel-Morgenstern, Andreas and Th{\'{e}}venin, Dominique and Speck, Oliver},
    number = {7},
    month = {7},
    pages = {1370--1327},
    volume = {40},
    url = {http://doi.wiley.com/10.1002/ceat.201700067},
    doi = {10.1002/ceat.201700067},
    issn = {09307516},
    keywords = {3D velocity measurements, Hydrodynamics, Magnetic resonance imaging, Phase‐contrast technique, Stirred‐tank reactor}
}

@incollection{Sherpa2017NoradrenalineSpace,
    title = {{Noradrenaline Drives Structural Changes in Astrocytes and Brain Extracellular Space}},
    year = {2017},
    booktitle = {Noradrenergic Signaling and Astroglia},
    author = {Sherpa, Ang D. and Aoki, Chiye and Hrabetova, Sabina},
    pages = {241--255},
    publisher = {Elsevier},
    url = {http://linkinghub.elsevier.com/retrieve/pii/B9780128050880000128},
    isbn = {9780128050880},
    doi = {10.1016/B978-0-12-805088-0.00012-8}
}

@article{Ables2011NormalDevelopment,
    title = {{Normal brain development requires exquisite timing of differentiation programs, and Notch signalling is well known as a master regulator of neural stem cells (NSCs) and neural development}},
    year = {2011},
    author = {Ables, Jessica L and Breunig, Joshua J and Eisch, Amelia J and Rakic, Pasko},
    url = {https://www.nature.com/articles/nrn3024.pdf},
    doi = {10.1038/nrn3024}
}

@article{Voytek2015OscillatoryMaintenance,
    title = {{Oscillatory dynamics coordinating human frontal networks in support of goal maintenance}},
    year = {2015},
    journal = {Nature Neuroscience},
    author = {Voytek, Bradley and Kayser, Andrew S and Badre, David and Fegen, David and Chang, Edward F and Crone, Nathan E and Parvizi, Josef and Knight, Robert T and D'Esposito, Mark},
    number = {July},
    pages = {1--10},
    publisher = {Nature Publishing Group},
    url = {http://www.nature.com/doifinder/10.1038/nn.4071},
    doi = {10.1038/nn.4071},
    issn = {1097-6256},
    pmid = {26214371}
}

@article{Farotto1957OscillatoryTransmission,
    title = {{Oscillatory Flow in Arteries: the Constrained Elastic Tube as a Model of Arterial Flow and Pulse Transmission Towards Additive Manufacture of Functional, Spline-Based Morphometric Models of Healthy and Diseased Coronary Arteries: In Vitro Proof-of-Concept Using a Porcine Template - The role of biomechanics in aortic aneurysm management: requirements, open problems and future prospects Oscillatory Flow in Arteries: the Constrained Elastic Tube as a Model of Arterial Flow and Pulse Transmission}},
    year = {1957},
    journal = {Physics in Medicine {\&} Biology J R Womersley Phys. Med. Biol},
    author = {Farotto, Dario and Womersley, J R},
    volume = {2},
    url = {http://iopscience.iop.org/article/10.1088/0031-9155/2/2/305/pdf}
}

@article{Thrane2013ParavascularBrain,
    title = {{Paravascular microcirculation facilitates rapid lipid transport and astrocyte signaling in the brain}},
    year = {2013},
    journal = {Scientific Reports},
    author = {Thrane, Vinita Rangroo and Thrane, Alexander S. and Plog, Benjamin A. and Thiyagarajan, Meenakshisundaram and Iliff, Jeffrey J. and Deane, Rashid and Nagelhus, Erlend A. and Nedergaard, Maiken},
    number = {1},
    month = {12},
    pages = {2582},
    volume = {3},
    publisher = {Nature Publishing Group},
    url = {http://www.nature.com/articles/srep02582},
    doi = {10.1038/srep02582},
    issn = {2045-2322},
    keywords = {Astrocyte, Blood, Cellular neuroscience, Molecular neuroscience, brain barrier}
}

@article{Matsumoto2013PathologicalEpilepsy.,
    title = {{Pathological and physiological high-frequency oscillations in focal human epilepsy.}},
    year = {2013},
    journal = {Journal of neurophysiology},
    author = {Matsumoto, Andrew and Brinkmann, Benjamin H and Matthew Stead, S and Matsumoto, Joseph and Kucewicz, Michal T and Marsh, W Richard and Meyer, Frederic and Worrell, Gregory},
    number = {8},
    pages = {1958--64},
    volume = {110},
    url = {http://www.pubmedcentral.nih.gov/articlerender.fcgi?artid=3798937&tool=pmcentrez&rendertype=abstract},
    doi = {10.1152/jn.00341.2013},
    issn = {1522-1598},
    pmid = {23926038},
    keywords = {Adult, Brain Waves, Epilepsies, Female, Humans, Male, Middle Aged, Motor Cortex, Motor Cortex: physiopathology, Partial, Partial: physiopathology, Psychomotor Performance}
}

@article{Itoh2016PDK1-AktNeocortex.,
    title = {{PDK1-Akt pathway regulates radial neuronal migration and microtubules in the developing mouse neocortex.}},
    year = {2016},
    journal = {Proceedings of the National Academy of Sciences of the United States of America},
    author = {Itoh, Yasuhiro and Higuchi, Maiko and Oishi, Koji and Kishi, Yusuke and Okazaki, Tomohiko and Sakai, Hiroshi and Miyata, Takaki and Nakajima, Kazunori and Gotoh, Yukiko},
    number = {21},
    month = {5},
    pages = {2955--64},
    volume = {113},
    publisher = {National Academy of Sciences},
    url = {http://www.ncbi.nlm.nih.gov/pubmed/27170189 http://www.pubmedcentral.nih.gov/articlerender.fcgi?artid=PMC4889351},
    doi = {10.1073/pnas.1516321113},
    issn = {1091-6490},
    pmid = {27170189},
    keywords = {PDK1–Akt pathway, dynein, microtubule, neocortex, neuronal migration}
}

@article{Kornblith2017PersistentLobe,
    title = {{Persistent Single-Neuron Activity during Working Memory in the Human Medial Temporal Lobe}},
    year = {2017},
    journal = {Current Biology},
    author = {Kornblith, Simon and Quian Quiroga, Rodrigo and Koch, Christof and Fried, Itzhak and Mormann, Florian},
    number = {7},
    month = {4},
    pages = {1026--1032},
    volume = {27},
    publisher = {Cell Press},
    url = {https://www.sciencedirect.com/science/article/pii/S0960982217301495},
    isbn = {1879-0445 (Electronic) 0960-9822 (Linking)},
    doi = {10.1016/j.cub.2017.02.013},
    issn = {09609822},
    pmid = {28318972},
    arxivId = {15334406},
    keywords = {Sternberg Task, human, medial temporal lobe, microwires, persistent activity, single units, working memory}
}

@article{Wahlin2012PhaseInteractions,
    title = {{Phase contrast MRI quantification of pulsatile volumes of brain arteries, veins, and cerebrospinal fluids compartments: Repeatability and physiological interactions}},
    year = {2012},
    journal = {Journal of Magnetic Resonance Imaging},
    author = {W{\aa}hlin, Anders and Ambarki, Khalid and Hauksson, Jón and Birgander, Richard and Malm, Jan and Eklund, Anders},
    number = {5},
    month = {5},
    pages = {1055--1062},
    volume = {35},
    publisher = {Wiley Subscription Services, Inc., A Wiley Company},
    url = {http://doi.wiley.com/10.1002/jmri.23527},
    doi = {10.1002/jmri.23527},
    issn = {10531807},
    keywords = {blood, brain, cerebrospinal fluid, flow, repeatability, volume changes}
}

@article{BreunigPrimarySignaling,
    title = {{Primary cilia regulate hippocampal neurogenesis by mediating sonic hedgehog signaling}},
    author = {Breunig, Joshua J and Sarkisian, Matthew R and Arellano, Jon I and Morozov, Yury M and Ayoub, Albert E and Sojitra, Sonal and Wang, Baolin and Flavell, Richard A and Rakic, Pasko and Town, Terrence},
    url = {http://www.pnas.org/content/pnas/105/35/13127.full.pdf}
}

@article{Tertel2011ProbingElectrocorticography,
    title = {{Probing brain connectivity by combined analysis of diffusion MRI tractography and electrocorticography}},
    year = {2011},
    journal = {Computers in Biology and Medicine},
    author = {Tertel, Kathrin and Tandon, Nitin and Ellmore, Timothy M.},
    number = {12},
    pages = {1092--1099},
    volume = {41},
    publisher = {Elsevier},
    url = {http://dx.doi.org/10.1016/j.compbiomed.2010.11.004},
    isbn = {1879-0534},
    doi = {10.1016/j.compbiomed.2010.11.004},
    issn = {00104825},
    pmid = {21129738},
    keywords = {Delay activity, Diffusion-weighted MRI, Electrocorticography, Epilepsy, Inferior fronto-occipital fasciculus, Tractography, Working memory}
}

@article{KawasakiNKovachCKNourskiKVOyaHHowardMAAdolphsR2012ProcessingGyrus.,
    title = {{Processing of facial emotion in the human fusiform gyrus.}},
    year = {2012},
    journal = {J Cogn Neurosci.},
    author = {Kawasaki  N; Kovach, CK; Nourski, KV; Oya, H; Howard, MA; Adolphs, R, H; Tsuchiya},
    number = {6},
    pages = {1358--1370},
    volume = {24}
}

@article{Mitra2015PropagatedSleep,
    title = {{Propagated infra-slow intrinsic brain activity reorganizes across wake and slow wave sleep}},
    year = {2015},
    journal = {eLife},
    author = {Mitra, Anish and Snyder, Abraham Z and Tagliazucchi, Enzo and Laufs, Helmut and Raichle, Marcus E},
    month = {11},
    pages = {e10781},
    volume = {4},
    publisher = {eLife Sciences Publications Limited},
    url = {https://elifesciences.org/articles/10781},
    doi = {10.7554/eLife.10781},
    issn = {2050-084X},
    keywords = {consciousness, dynamics, fMRI, propagation, resting state, slow wave sleep}
}

@article{Takahashi2011PropagatingCortex,
    title = {{Propagating Waves in Human Motor Cortex}},
    year = {2011},
    journal = {Frontiers Human Neuroscience},
    author = {Takahashi, Kazutaka and Saleh, Maryam and Penn, Richard D. and Hatsopoulos, Nicholas G.},
    month = {4},
    pages = {40},
    volume = {5},
    publisher = {Frontiers},
    url = {http://journal.frontiersin.org/article/10.3389/fnhum.2011.00040/abstract},
    doi = {10.3389/fnhum.2011.00040},
    issn = {1662-5161},
    keywords = {Human subject, Local Field Potentials, Motor Cortex, nonhuman primate, propagating waves}
}

@article{Rubino2006PropagatingCortex,
    title = {{Propagating waves mediate information transfer in the motor cortex}},
    year = {2006},
    journal = {Nature Neuroscience},
    author = {Rubino, Doug and Robbins, Kay A and Hatsopoulos, Nicholas G},
    number = {12},
    month = {12},
    pages = {1549--1557},
    volume = {9},
    publisher = {Nature Publishing Group},
    url = {http://www.nature.com/articles/nn1802 https://www.nature.com/neuro/journal/v9/n12/pdf/nn1802.pdf},
    doi = {10.1038/nn1802},
    issn = {1097-6256}
}

@article{Kempter2012QuantifyingPrecession,
    title = {{Quantifying circular–linear associations: Hippocampal phase precession}},
    year = {2012},
    journal = {Journal of Neuroscience Methods},
    author = {Kempter, Richard and Leibold, Christian and Buzs{\'{a}}ki, György and Diba, Kamran and Schmidt, Robert},
    number = {1},
    month = {5},
    pages = {113--124},
    volume = {207},
    publisher = {Elsevier},
    url = {https://www.sciencedirect.com/science/article/pii/S016502701200101X},
    doi = {10.1016/J.JNEUMETH.2012.03.007},
    issn = {0165-0270}
}

@article{Stalder2008QuantitativeParameters,
    title = {{Quantitative 2D and 3D phase contrast MRI: Optimized analysis of blood flow and vessel wall parameters}},
    year = {2008},
    journal = {Magnetic Resonance in Medicine},
    author = {Stalder, A.F. and Russe, M.F. and Frydrychowicz, A. and Bock, J. and Hennig, J. and Markl, M.},
    number = {5},
    month = {11},
    pages = {1218--1231},
    volume = {60},
    publisher = {Wiley-Blackwell},
    url = {http://doi.wiley.com/10.1002/mrm.21778},
    doi = {10.1002/mrm.21778},
    issn = {07403194},
    keywords = {B‐spline, aorta hemodynamics, flow quantification, phase‐contrast MRI (PC‐MRI), wall shear stress (WSS)}
}

@article{Blazey2018QuantitativeBrain,
    title = {{Quantitative positron emission tomography reveals regional differences in aerobic glycolysis within the human brain}},
    year = {2018},
    journal = {Journal of Cerebral Blood Flow {\&} Metabolism},
    author = {Blazey, Tyler and Snyder, Abraham Z and Su, Yi and Goyal, Manu S and Lee, John J and Vlassenko, Andrei G and Arbel{\'{a}}ez, Ana Maria and Raichle, Marcus E},
    month = {3},
    pages = {0271678X1876700},
    publisher = {SAGE PublicationsSage UK: London, England},
    url = {http://journals.sagepub.com/doi/10.1177/0271678X18767005 http://journals.sagepub.com/doi/pdf/10.1177/0271678X18767005},
    doi = {10.1177/0271678X18767005},
    issn = {0271-678X},
    keywords = {Brain imaging, energy metabolism, glucose, metabolism, positron emission tomography}
}

@article{Jinnou2018RadialInjury.,
    title = {{Radial Glial Fibers Promote Neuronal Migration and Functional Recovery after Neonatal Brain Injury.}},
    year = {2018},
    journal = {Cell stem cell},
    author = {Jinnou, Hideo and Sawada, Masato and Kawase, Koya and Kaneko, Naoko and Herranz-P{\'{e}}rez, Vicente and Miyamoto, Takuya and Kawaue, Takumi and Miyata, Takaki and Tabata, Yasuhiko and Akaike, Toshihiro and Garc{\'{i}}a-Verdugo, José Manuel and Ajioka, Itsuki and Saitoh, Shinji and Sawamoto, Kazunobu},
    number = {1},
    month = {1},
    pages = {128--137},
    volume = {22},
    publisher = {Elsevier},
    url = {http://www.ncbi.nlm.nih.gov/pubmed/29276142},
    doi = {10.1016/j.stem.2017.11.005},
    issn = {1875-9777},
    pmid = {29276142},
    keywords = {N-cadherin, gait behavior, neonatal brain injury, neuronal migration, neuronal regeneration, postnatal neurogenesis, radial glial cell, ventricular-subventricular zone}
}

@article{Matsunaga2017ReelinDevelopment.,
    title = {{Reelin transiently promotes N-cadherin-dependent neuronal adhesion during mouse cortical development.}},
    year = {2017},
    journal = {Proceedings of the National Academy of Sciences of the United States of America},
    author = {Matsunaga, Yuki and Noda, Mariko and Murakawa, Hideki and Hayashi, Kanehiro and Nagasaka, Arata and Inoue, Seika and Miyata, Takaki and Miura, Takashi and Kubo, Ken-Ichiro and Nakajima, Kazunori},
    number = {8},
    month = {2},
    pages = {2048--2053},
    volume = {114},
    publisher = {National Academy of Sciences},
    url = {http://www.ncbi.nlm.nih.gov/pubmed/28174271 http://www.pubmedcentral.nih.gov/articlerender.fcgi?artid=PMC5338414},
    doi = {10.1073/pnas.1615215114},
    issn = {1091-6490},
    pmid = {28174271},
    keywords = {N-cadherin, Reelin, aggregation, corticogenesis, neuronal migration}
}

@article{Bellesi2016Region-SpecificCycle,
    title = {{Region-Specific Dissociation between Cortical Noradrenaline Levels and the Sleep/Wake Cycle}},
    year = {2016},
    journal = {Sleep},
    author = {Bellesi, Michele and Tononi, Giulio and Cirelli, Chiara and Serra, Pier Andrea},
    number = {1},
    month = {1},
    pages = {143--154},
    volume = {39},
    publisher = {Oxford University Press},
    url = {https://academic.oup.com/sleep/article-lookup/doi/10.5665/sleep.5336},
    doi = {10.5665/sleep.5336}
}

@article{Vaishnavi2010RegionalBrain.,
    title = {{Regional aerobic glycolysis in the human brain.}},
    year = {2010},
    journal = {Proceedings of the National Academy of Sciences of the United States of America},
    author = {Vaishnavi, S Neil and Vlassenko, Andrei G and Rundle, Melissa M and Snyder, Abraham Z and Mintun, Mark A and Raichle, Marcus E},
    number = {41},
    month = {10},
    pages = {17757--62},
    volume = {107},
    publisher = {National Academy of Sciences},
    url = {http://www.ncbi.nlm.nih.gov/pubmed/20837536 http://www.pubmedcentral.nih.gov/articlerender.fcgi?artid=PMC2955101},
    doi = {10.1073/pnas.1010459107},
    issn = {1091-6490},
    pmid = {20837536}
}

@article{Nir2011RegionalSupplement,
    title = {{Regional Slow Waves and Spindles in Human Sleep (Supplement)}},
    year = {2011},
    journal = {Neuron},
    author = {Nir, Yuval and Staba, Richard J. and Andrillon, Thomas and Vyazovskiy, Vladyslav V. and Cirelli, Chiara and Fried, Itzhak and Tononi, Giulio},
    number = {1},
    pages = {153--169},
    volume = {70},
    isbn = {1097-4199 (Electronic){\textbackslash}n0896-6273 (Linking)},
    doi = {10.1016/j.neuron.2011.02.043},
    issn = {08966273},
    pmid = {21482364}
}

@article{McBain1990RegionalHippocampus,
    title = {{Regional variation of extracellular space in the hippocampus}},
    year = {1990},
    journal = {Science},
    author = {McBain, C. and Traynelis, S. and Dingledine, R and Lee, J. J. and Smyth, L. P. and Cirrito, J. R. and Fujiki, N. and Nishino, S. and Holtzman, D. M. and Iliff, Jeffrey J. and Takano, Takahiro and Deane, Rashid and Nedergaard, Maiken},
    number = {4969},
    month = {8},
    pages = {674--677},
    volume = {249},
    publisher = {American Association for the Advancement of Science},
    url = {http://www.ncbi.nlm.nih.gov/pubmed/2382142 http://www.sciencemag.org/cgi/doi/10.1126/science.2382142},
    doi = {10.1126/science.2382142},
    issn = {0036-8075},
    pmid = {2382142}
}

@article{Simon2016RegulationDisease,
    title = {{Regulation of cerebrospinal fluid (CSF) flow in neurodegenerative, neurovascular and neuroinflammatory disease}},
    year = {2016},
    journal = {Biochimica et Biophysica Acta (BBA) - Molecular Basis of Disease},
    author = {Simon, Matthew J. and Iliff, Jeffrey J.},
    number = {3},
    month = {3},
    pages = {442--451},
    volume = {1862},
    publisher = {Elsevier},
    url = {http://www.sciencedirect.com/science/article/pii/S0925443915003142#f0005},
    doi = {10.1016/J.BBADIS.2015.10.014},
    issn = {0925-4439}
}

@article{Honjoh2018RegulationNucleus,
    title = {{Regulation of cortical activity and arousal by the matrix cells of the ventromedial thalamic nucleus}},
    year = {2018},
    journal = {Nature Communications},
    author = {Honjoh, Sakiko and Sasai, Shuntaro and Schiereck, Shannon S and Nagai, Hirotaka and Tononi, Giulio and Cirelli, Chiara},
    number = {1},
    month = {12},
    pages = {2100},
    volume = {9},
    publisher = {Nature Publishing Group},
    url = {http://www.nature.com/articles/s41467-018-04497-x},
    doi = {10.1038/s41467-018-04497-x},
    issn = {2041-1723},
    keywords = {Sleep, Slow, Wakefulness, wave sleep}
}

@article{2016RegulationSleep,
    title = {{Regulation of Hippocampal Firing by Network Oscillations during Sleep}},
    year = {2016},
    journal = {Current Biology},
    number = {7},
    month = {4},
    pages = {893--902},
    volume = {26},
    publisher = {Cell Press},
    url = {http://www.sciencedirect.com/science/article/pii/S0960982216300768},
    doi = {10.1016/J.CUB.2016.02.024}
}

@article{Petit2016RegulationCycle,
    title = {{Regulation of neuron–astrocyte metabolic coupling across the sleep–wake cycle}},
    year = {2016},
    journal = {Neuroscience},
    author = {Petit, J.-M. and Magistretti, P.J.},
    month = {5},
    pages = {135--156},
    volume = {323},
    publisher = {Pergamon},
    url = {https://www.sciencedirect.com/science/article/pii/S0306452215010908},
    doi = {10.1016/J.NEUROSCIENCE.2015.12.007},
    issn = {0306-4522}
}

@article{Sela2016ResponsesOscillations,
    title = {{Responses in Rat Core Auditory Cortex are Preserved during Sleep Spindle Oscillations}},
    year = {2016},
    journal = {Sleep},
    author = {Sela, Yaniv and Vyazovskiy, Vladyslav V. and Cirelli, Chiara and Tononi, Giulio and Nir, Yuval},
    number = {5},
    month = {5},
    pages = {1069--1082},
    volume = {39},
    publisher = {Oxford University Press},
    url = {https://academic.oup.com/sleep/article-lookup/doi/10.5665/sleep.5758},
    isbn = {1550-9109 (Electronic) 0161-8105 (Linking)},
    doi = {10.5665/sleep.5758},
    issn = {1550-9109},
    pmid = {26856904},
    keywords = {neurons, sleep, sleep spindles, wave - physical agent}
}

@article{Viskontas2016ResponsesPairs,
    title = {{Responses of neurons in the medial temporal lobe during encoding and recognition of face-scene pairs}},
    year = {2016},
    journal = {Neuropsychologia},
    author = {Viskontas, Indre V. and Knowlton, Barbara J. and Fried, Itzhak},
    month = {9},
    pages = {200--209},
    volume = {90},
    publisher = {Pergamon},
    url = {https://www.sciencedirect.com/science/article/pii/S0028393216302585},
    isbn = {0000000000000},
    doi = {10.1016/j.neuropsychologia.2016.07.014},
    issn = {18733514},
    pmid = {27424273},
    arxivId = {15334406},
    keywords = {Electrophysiology, Entorhinal cortex, Epilepsy, Episodic memory, Hippocampus}
}

@article{Harriger2012RichCommunication,
    title = {{Rich Club Organization of Macaque Cerebral Cortex and Its Role in Network Communication}},
    year = {2012},
    journal = {PLoS ONE},
    author = {Harriger, L. and van den Heuvel, M.P. and Sporns, O.},
    number = {9},
    volume = {7},
    doi = {10.1371/journal.pone.0046497},
    issn = {19326203}
}

@article{Funk2017RoleWaves,
    title = {{Role of somatostatin-positive cortical interneurons in the generation of sleep slow waves}},
    year = {2017},
    journal = {The Journal of Neuroscience},
    author = {Funk, Chadd M. and Peelman, Kayla and Bellesi, Michele and Marshall, William and Cirelli, Chiara and Tononi, Giulio},
    pages = {1303--17},
    url = {http://www.jneurosci.org/content/jneuro/37/38/9132.full.pdf http://www.jneurosci.org/lookup/doi/10.1523/JNEUROSCI.1303-17.2017},
    doi = {10.1523/JNEUROSCI.1303-17.2017},
    issn = {0270-6474},
    pmid = {28821651}
}

@article{Muller2016RotatingNight,
    title = {{Rotating waves during human sleep spindles organize global patterns of activity that repeat precisely through the night}},
    year = {2016},
    journal = {eLife},
    author = {Muller, Lyle and Piantoni, Giovanni and Koller, Dominik and Cash, Sydney S and Halgren, Eric and Sejnowski, Terrence J},
    month = {11},
    pages = {e17267},
    volume = {5},
    publisher = {eLife Sciences Publications Limited},
    url = {https://elifesciences.org/articles/17267},
    doi = {10.7554/eLife.17267},
    issn = {2050-084X},
    keywords = {electrocortiogram, sleep oscillations, sleep spindles, spatiotemporal dynamics}
}

@article{Kahane2009SaccadeActivity,
    title = {{Saccade Related Gamma-Band Activity in Intracerebral EEG : Dissociating Neural from Ocular Muscle Activity}},
    year = {2009},
    author = {Kahane, Philippe and Bertrand, Æ Olivier and Berthoz, Æ Alain and Lachaux, Jean-philippe},
    pages = {18--23},
    doi = {10.1007/s10548-009-0078-5},
    keywords = {activity {\'{a}} reading {\'{a}}, intracerebral eeg {\'{a}} presaccadic, pole {\'{a}} artefact {\'{a}}, potential {\'{a}} gamma band, saccades {\'{a}} scalp eeg, spike, temporal, {\'{a}} stereotactic eeg {\'{a}}}
}

@article{Tain2012ScholarlyFunction,
    title = {{Scholarly Repository Mathematical Modeling of Craniospinal Hydrodynamics: Investigation of CSF Dynamics and Compliance Function}},
    year = {2012},
    author = {Tain, Rong-Wen},
    url = {http://scholarlyrepository.miami.edu/oa_dissertations http://scholarlyrepository.miami.edu/oa_dissertations/859},
    keywords = {Intracranial pressure, MRI, bond graph, compliance, craniospinal system, lumped parameter model}
}

@article{Msch2014SelectiveNetwork,
    title = {{Selective attention modulates high-frequency activity in the face-processing network}},
    year = {2014},
    journal = {Cortex},
    author = {M??sch, Kathrin and Hamam??, Carlos M. and Perrone-Bertolotti, Marcela and Minotti, Lorella and Kahane, Philippe and Engel, Andreas K. and Lachaux, Jean Philippe and Schneider, Till R.},
    pages = {34--51},
    volume = {60},
    isbn = {1973-8102 (Electronic) 0010-9452 (Linking)},
    doi = {10.1016/j.cortex.2014.06.006},
    issn = {19738102},
    pmid = {25017647},
    keywords = {Amygdala, Emotion, Face processing, Gamma band activity, Intracranial EEG}
}

@article{Amzica1995Short-Oscillation,
    title = {{Short- and long-range neuronal synchronization of the slow ({\&}lt; 1 Hz) cortical oscillation}},
    year = {1995},
    journal = {J. Neurophysiol.},
    author = {Amzica, F. and Steriade, M.},
    pages = {20--38},
    volume = {73}
}

@article{Taneyhill2017ShouldCrest,
    title = {{Should I stay or should I go? Cadherin function and regulation in the neural crest}},
    year = {2017},
    journal = {genesis},
    author = {Taneyhill, Lisa A. and Schiffmacher, Andrew T.},
    number = {6},
    month = {6},
    pages = {e23028},
    volume = {55},
    url = {http://doi.wiley.com/10.1002/dvg.23028},
    doi = {10.1002/dvg.23028},
    issn = {1526954X},
    keywords = {early development, migration, neural crest, patterning, process, tissue}
}

@article{Grandchamp2011Single-trialTrials,
    title = {{Single-trial normalization for event-related spectral decomposition reduces sensitivity to noisy trials}},
    year = {2011},
    journal = {Frontiers in Psychology},
    author = {Grandchamp, Romain and Delorme, Arnaud},
    number = {SEP},
    pages = {1--14},
    volume = {2},
    isbn = {10.3389/fpsyg.2011.00236},
    doi = {10.3389/fpsyg.2011.00236},
    issn = {16641078},
    pmid = {21994498},
    keywords = {Additive model, Baseline, EEG, ERP, ERS, ERSP, Multiplicative gain model, Single-trial}
}

@article{Wulff2010SleepDisease,
    title = {{Sleep and circadian rhythm disruption in psychiatric and neurodegenerative disease}},
    year = {2010},
    journal = {Nature Reviews Neuroscience},
    author = {Wulff, Katharina and Gatti, Silvia and Wettstein, Joseph G. and Foster, Russell G.},
    number = {8},
    month = {8},
    pages = {589--599},
    volume = {11},
    publisher = {Nature Publishing Group},
    url = {http://www.nature.com/articles/nrn2868},
    doi = {10.1038/nrn2868},
    issn = {1471-003X},
    keywords = {Neurodegenerative diseases, Psychiatric disorders, Sleep}
}

@article{Vyazovskiy2013SleepRest,
    title = {{Sleep and the single neuron: the role of global slow oscillations in individual cell rest}},
    year = {2013},
    journal = {Nature Reviews Neuroscience},
    author = {Vyazovskiy, Vladyslav V. and Harris, Kenneth D.},
    number = {6},
    month = {6},
    pages = {443--451},
    volume = {14},
    publisher = {Nature Publishing Group},
    url = {http://www.nature.com/articles/nrn3494},
    doi = {10.1038/nrn3494},
    issn = {1471-003X},
    keywords = {Cellular neuroscience, Molecular neuroscience, Sleep}
}

@article{Makov2017SleepProcessing.,
    title = {{Sleep Disrupts High-Level Speech Parsing Despite Significant Basic Auditory Processing.}},
    year = {2017},
    journal = {The Journal of neuroscience : the official journal of the Society for Neuroscience},
    author = {Makov, Shiri and Sharon, Omer and Ding, Nai and Ben-Shachar, Michal and Nir, Yuval and Zion Golumbic, Elana},
    number = {32},
    month = {8},
    pages = {7772--7781},
    volume = {37},
    publisher = {Society for Neuroscience},
    url = {http://www.ncbi.nlm.nih.gov/pubmed/28626013},
    doi = {10.1523/JNEUROSCI.0168-17.2017},
    issn = {1529-2401},
    pmid = {28626013},
    keywords = {attention, entrainment, sleep, speech processing}
}

@article{XieSleepBrain,
    title = {{Sleep Drives Metabolite Clearance from the Adult Brain}},
    author = {Xie, Lulu and Kang, Hongyi and Xu, Qiwu and Chen, Michael J and Liao, Yonghong and Thiyagarajan, Meenakshisundaram and O 'donnell, John and Christensen, Daniel J and Nicholson, Charles and Iliff, Jeffrey J and Takano, Takahiro and Deane, Rashid and Nedergaard, Maiken},
    url = {http://science.sciencemag.org/content/sci/342/6156/373.full.pdf}
}

@article{2017SleepHabituation,
    title = {{Sleep homeostasis, habits and habituation}},
    year = {2017},
    journal = {Current Opinion in Neurobiology},
    month = {6},
    pages = {202--211},
    volume = {44},
    publisher = {Elsevier Current Trends},
    url = {http://www.sciencedirect.com/science/article/pii/S0959438816301763#fig0005},
    doi = {10.1016/J.CONB.2017.05.002}
}

@article{2017SleepPlasticity,
    title = {{Sleep slow oscillation and plasticity}},
    year = {2017},
    journal = {Current Opinion in Neurobiology},
    month = {6},
    pages = {116--126},
    volume = {44},
    publisher = {Elsevier Current Trends},
    url = {http://www.sciencedirect.com/science/article/pii/S0959438817300417#fig0015},
    doi = {10.1016/J.CONB.2017.03.019}
}

@article{Musiek2015SleepDisease,
    title = {{Sleep, circadian rhythms and the pathogenesis of Alzheimer Disease}},
    year = {2015},
    journal = {Experimental {\&} Molecular Medicine},
    author = {Musiek, Erik S and Xiong, David D and Holtzman, David M},
    number = {3},
    month = {3},
    pages = {e148-e148},
    volume = {47},
    publisher = {Nature Publishing Group},
    url = {http://www.nature.com/articles/emm2014121},
    doi = {10.1038/emm.2014.121},
    issn = {2092-6413},
    keywords = {Neurological disorders}
}

@article{Prinz1982SleepType,
    title = {{Sleep, EEG and Mental Function Changes in Senile Dementia of the Alzheimer's Type}},
    year = {1982},
    journal = {Aging Ankho International},
    author = {Prinz, Patricia N and Vitaliano, Peter Paul and Vitiello, Michael V and Bokan, John and Raskind, Murray and Peskind, Elaine and Gerber, Carl and Prinz, P N and Vitaliano, P P and Vitiello, M V and Bokan, J and Raskind, M and Peskind, E and Gerber, C},
    pages = {361--370},
    volume = {3},
    url = {http://www.neurobiologyofaging.org/article/0197-4580(82)90024-0/pdf}
}

@article{Martinet2015SlowOutcome.,
    title = {{Slow Spatial Recruitment of Neocortex during Secondarily Generalized Seizures and Its Relation to Surgical Outcome.}},
    year = {2015},
    journal = {The Journal of neuroscience : the official journal of the Society for Neuroscience},
    author = {Martinet, Louis-Emmanuel and Ahmed, Omar J and Lepage, Kyle Q and Cash, Sydney S and Kramer, Mark A},
    number = {25},
    month = {6},
    pages = {9477--90},
    volume = {35},
    publisher = {Society for Neuroscience},
    url = {http://www.ncbi.nlm.nih.gov/pubmed/26109670 http://www.pubmedcentral.nih.gov/articlerender.fcgi?artid=PMC4478258},
    doi = {10.1523/JNEUROSCI.0049-15.2015},
    issn = {1529-2401},
    pmid = {26109670},
    keywords = {epilepsy, focal seizure, intracranial EEG, seizure propagation, seizure spread}
}

@article{OishiSlow-waveMice,
    title = {{Slow-wave sleep is controlled by a subset of nucleus accumbens core neurons in mice}},
    author = {Oishi, Yo and Xu, Qi and Wang, Lu and Zhang, Bin-Jia and Takahashi, Koji and Takata, Yohko and Luo, Yan-Jia and Cherasse, Yoan and Schiffmann, Serge N and de Kerchove, Alban and Urade, Yoshihiro and Qu, Wei-Min and Huang, Zhi-Li and Lazarus, Michael},
    url = {https://www.nature.com/articles/s41467-017-00781-4.pdf},
    doi = {10.1038/s41467-017-00781-4}
}

@article{MurphySourceWaves,
    title = {{Source modeling sleep slow waves}},
    author = {Murphy, Michael and Riedner, Brady A and Huber, Reto and Massimini, Marcello and Ferrarelli, Fabio and Tononi, Giulio},
    url = {http://www.pnas.org/content/106/5/1608.full.pdf?with-ds=yes}
}

@article{Piantoni2017SpatiotemporalLocation,
    title = {{Spatiotemporal characteristics of sleep spindles depend on cortical location}},
    year = {2017},
    journal = {NeuroImage},
    author = {Piantoni, Giovanni and Halgren, Eric and Cash, Sydney S.},
    month = {2},
    pages = {236--245},
    volume = {146},
    publisher = {Academic Press},
    url = {https://www.sciencedirect.com/science/article/pii/S1053811916306231?via%3Dihub},
    isbn = {1095-9572},
    doi = {10.1016/j.neuroimage.2016.11.010},
    issn = {10959572},
    pmid = {27840241},
    keywords = {Co-occurrence, Local, Propagation, Sleep, Spindles}
}

@article{Untenberger2015SpatiotemporalMRI,
    title = {{Spatiotemporal phase unwrapping for real-time phase-contrast flow MRI}},
    year = {2015},
    journal = {Magnetic Resonance in Medicine},
    author = {Untenberger, Markus and H{\"{u}}llebrand, Markus and Tautz, Lennart and Joseph, Arun A. and Voit, Dirk and Merboldt, K. Dietmar and Frahm, Jens},
    number = {4},
    month = {10},
    pages = {964--970},
    volume = {74},
    url = {http://doi.wiley.com/10.1002/mrm.25471},
    doi = {10.1002/mrm.25471}
}

@article{Suthana2015SpecificMemory,
    title = {{Specific responses of human hippocampal neurons are associated with better memory}},
    year = {2015},
    journal = {Proc. Natl. Acad. Sci. U. S. A.},
    author = {Suthana, Nanthia A and Parikshak, Neelroop N and Ekstrom, Arne D and Ison, Matias J and Knowlton, Barbara J and Bookheimer, Susan Y and Fried, Itzhak},
    number = {33},
    month = {8},
    pages = {10503--10508},
    volume = {112},
    publisher = {National Academy of Sciences},
    url = {http://www.ncbi.nlm.nih.gov/pubmed/26240357 http://www.pubmedcentral.nih.gov/articlerender.fcgi?artid=PMC4547223 http://www.pnas.org/lookup/doi/10.1073/pnas.1423036112%5Cnhttp://www.pnas.org/content/112/33/10503.short?rss=1},
    isbn = {1091-6490 (Electronic) 0027-8424 (Linking)},
    doi = {10.1073/pnas.1423036112},
    issn = {0027-8424},
    pmid = {26240357},
    keywords = {discrimination, hippocampus, invariance, memory, selectivity}
}

@article{Siegel2012SpectralInteractions,
    title = {{Spectral fingerprints of large-scale neuronal interactions}},
    year = {2012},
    journal = {Nature Reviews Neuroscience},
    author = {Siegel, Markus and Donner, Tobias H. and Engel, Andreas K.},
    number = {February},
    pages = {20--25},
    volume = {13},
    isbn = {1471-0048 (Electronic){\textbackslash}r1471-003X (Linking)},
    doi = {10.1038/nrn3137},
    issn = {1471-003X},
    pmid = {22233726}
}

@article{Mitra2018SpontaneousStructure,
    title = {{Spontaneous Infra-slow Brain Activity Has Unique Spatiotemporal Dynamics and Laminar Structure}},
    year = {2018},
    journal = {Neuron},
    author = {Mitra, Anish and Kraft, Andrew and Wright, Patrick and Acland, Benjamin and Snyder, Abraham Z. and Rosenthal, Zachary and Czerniewski, Leah and Bauer, Adam and Snyder, Lawrence and Culver, Joseph and Lee, Jin-Moo and Raichle, Marcus E.},
    number = {2},
    month = {4},
    pages = {297--305},
    volume = {98},
    publisher = {Cell Press},
    url = {http://linkinghub.elsevier.com/retrieve/pii/S0896627318301922 https://www.sciencedirect.com/science/article/pii/S0896627318301922?via%3Dihub https://www.sciencedirect.com/science/article/pii/S0896627318301922},
    doi = {10.1016/J.NEURON.2018.03.015},
    issn = {0896-6273}
}

@article{Dang-VuSpontaneousSleep,
    title = {{Spontaneous neural activity during human slow wave sleep}},
    author = {Dang-Vu, Thien Thanh and Schabus, Manuel and Desseilles, Martin and Ve Albouy, Geneviè and Boly, Lanie and Darsaud, Annabelle and Gais, Steffen and Raldine Rauchs, Gé and Sterpenich, Virginie and Vandewalle, Gilles and Carrier, Julie and Moonen, Gustave and Balteau, Evelyne and Degueldre, Christian and Luxen, André and Phillips, Christophe and Maquet, Pierre},
    url = {http://www.pnas.org/content/105/39/15160.full.pdf?with-ds=yes}
}

@article{Louveau2015StructuralVessels,
    title = {{Structural and functional features of central nervous system lymphatic vessels}},
    year = {2015},
    journal = {Nature},
    author = {Louveau, Antoine and Smirnov, Igor and Keyes, Timothy J and Eccles, Jacob D and Rouhani, Sherin J and Peske, J David and Derecki, Noel C and Castle, David and Mandell, James W and Lee, Kevin S and Harris, Tajie H and Kipnis, Jonathan},
    pages = {337--341},
    volume = {523},
    url = {https://www.nature.com/articles/nature14432.pdf},
    doi = {10.1038/nature14432}
}

@article{Peng2016SuppressionDisease,
    title = {{Suppression of glymphatic fluid transport in a mouse model of Alzheimer's disease}},
    year = {2016},
    journal = {Neurobiology of Disease},
    author = {Peng, Weiguo and Achariyar, Thiyagarajan M. and Li, Baoman and Liao, Yonghong and Mestre, Humberto and Hitomi, Emi and Regan, Sean and Kasper, Tristan and Peng, Sisi and Ding, Fengfei and Benveniste, Helene and Nedergaard, Maiken and Deane, Rashid},
    month = {9},
    pages = {215--225},
    volume = {93},
    publisher = {Academic Press},
    url = {https://www.sciencedirect.com/science/article/pii/S0969996116301097},
    doi = {10.1016/J.NBD.2016.05.015},
    issn = {0969-9961}
}

@article{SynapticGlia,
    title = {{Synaptic activation of glia}},
    url = {https://ac.els-cdn.com/S0959438800002233/1-s2.0-S0959438800002233-main.pdf?_tid=a7e2db92-adde-11e7-b279-00000aacb35d&acdnat=1507655927_9c939dd4607b528228938e8597de0222}
}

@article{Smith2017TestParenchyma,
    title = {{Test of the 'glymphatic' hypothesis demonstrates diffusive and aquaporin-4-independent solute transport in rodent brain parenchyma}},
    year = {2017},
    journal = {eLife},
    author = {Smith, Alex J and Yao, Xiaoming and Dix, James A and Jin, Byung-Ju and Verkman, Alan S},
    month = {8},
    pages = {e27679},
    volume = {6},
    publisher = {eLife Sciences Publications Limited},
    url = {https://elifesciences.org/articles/27679},
    doi = {10.7554/eLife.27679}
}

@article{Lee2015TheTransport.,
    title = {{The Effect of Body Posture on Brain Glymphatic Transport.}},
    year = {2015},
    journal = {The Journal of neuroscience : the official journal of the Society for Neuroscience},
    author = {Lee, Hedok and Xie, Lulu and Yu, Mei and Kang, Hongyi and Feng, Tian and Deane, Rashid and Logan, Jean and Nedergaard, Maiken and Benveniste, Helene},
    number = {31},
    month = {8},
    pages = {11034--44},
    volume = {35},
    publisher = {Society for Neuroscience},
    url = {http://www.ncbi.nlm.nih.gov/pubmed/26245965 http://www.pubmedcentral.nih.gov/articlerender.fcgi?artid=PMC4524974},
    doi = {10.1523/JNEUROSCI.1625-15.2015},
    issn = {1529-2401},
    pmid = {26245965},
    keywords = {CSF, brain, posture, sleep, unconsciousness, waste removal}
}

@article{Cai2015The7T,
    title = {{The feasibility of quantitative MRI of perivascular spaces at 7 T}},
    year = {2015},
    journal = {Journal of Neuroscience Methods},
    author = {Cai, Kejia and Tain, Rongwen and Das, Sandhitsu and Damen, Frederick C. and Sui, Yi and Valyi-Nagy, Tibor and Elliott, Mark A. and Zhou, Xiaohong J.},
    month = {12},
    pages = {151--156},
    volume = {256},
    publisher = {Elsevier},
    url = {http://www.sciencedirect.com/science/article/pii/S016502701500326X},
    doi = {10.1016/J.JNEUMETH.2015.09.001},
    issn = {0165-0270}
}

@misc{Cirelli2009TheHumans,
    title = {{The genetic and molecular regulation of sleep: From fruit flies to humans}},
    year = {2009},
    booktitle = {Nature Reviews Neuroscience},
    author = {Cirelli, Chiara},
    number = {8},
    month = {8},
    pages = {549--560},
    volume = {10},
    publisher = {Nature Publishing Group},
    url = {http://www.nature.com/articles/nrn2683},
    isbn = {1471-0048 (Electronic){\textbackslash}n1471-003X (Linking)},
    doi = {10.1038/nrn2683},
    issn = {1471003X},
    pmid = {19617891},
    arxivId = {NIHMS150003}
}

@article{Benveniste2017TheTransport,
    title = {{The Glymphatic Pathway: Waste Removal from the CNS via Cerebrospinal Fluid Transport}},
    year = {2017},
    journal = {The Neuroscientist},
    author = {Benveniste, Helene and Lee, Hedok and Volkow, Nora D.},
    number = {5},
    month = {10},
    pages = {454--465},
    volume = {23},
    publisher = {SAGE PublicationsSage CA: Los Angeles, CA},
    url = {http://journals.sagepub.com/doi/10.1177/1073858417691030},
    doi = {10.1177/1073858417691030},
    issn = {1073-8584},
    keywords = {brain, cerebrospinal fluid, glymphatic pathway, microcirculation, transport}
}

@article{AallingJessenTheGuide,
    title = {{The Glymphatic System: A Beginner's Guide}},
    author = {Aalling Jessen, Nadia and Anne Sofie Finmann Munk, Bullet and Iben Lundgaard, Bullet and Nedergaard, Maiken},
    url = {https://link.springer.com/content/pdf/10.1007%2Fs11064-015-1581-6.pdf},
    doi = {10.1007/s11064-015-1581-6},
    keywords = {Aging, Astrocytes, Cerebrospinal fluid secretion, Neurodegenerative diseases, Perivascular spaces, Sleep, The glymphatic system, Traumatic brain injury, Virchow–Robin spaces}
}

@article{Smith2016TheSeizures,
    title = {{The ictal wavefront is the spatiotemporal source of discharges during spontaneous human seizures}},
    year = {2016},
    journal = {Nature Communications},
    author = {Smith, Elliot H. and Liou, Jyun-you and Davis, Tyler S. and Merricks, Edward M. and Kellis, Spencer S. and Weiss, Shennan A. and Greger, Bradley and House, Paul A. and McKhann II, Guy M. and Goodman, Robert R. and Emerson, Ronald G. and Bateman, Lisa M. and Trevelyan, Andrew J. and Schevon, Catherine A.},
    month = {3},
    pages = {11098},
    volume = {7},
    publisher = {Nature Publishing Group},
    url = {http://www.nature.com/doifinder/10.1038/ncomms11098},
    doi = {10.1038/ncomms11098},
    issn = {2041-1723},
    keywords = {Cortex, Epilepsy}
}

@article{Lachaux2005TheStimuli,
    title = {{The many faces of the gamma band response to complex visual stimuli}},
    year = {2005},
    journal = {NeuroImage},
    author = {Lachaux, Jean Philippe and George, Nathalie and Tallon-Baudry, Catherine and Martinerie, Jacques and Hugueville, Laurent and Minotti, Lorella and Kahane, Philippe and Renault, Bernard},
    number = {2},
    pages = {491--501},
    volume = {25},
    isbn = {1053-8119 (Print){\textbackslash}r1053-8119 (Linking)},
    doi = {10.1016/j.neuroimage.2004.11.052},
    issn = {10538119},
    pmid = {15784428},
    keywords = {Beta band, Event-related potentials, Face perception, Functional connectivity, Induced gamma response, Intracranial EEG}
}

@article{Pace-Schott2002TheNetworks,
    title = {{The Neurobiology of Sleep: Genetics, cellular physiology and subcortical networks}},
    year = {2002},
    journal = {Nature Reviews Neuroscience},
    author = {Pace-Schott, Edward F. and Hobson, J. Allan},
    number = {8},
    month = {8},
    pages = {591--605},
    volume = {3},
    publisher = {Nature Publishing Group},
    url = {http://www.nature.com/articles/nrn895},
    doi = {10.1038/nrn895},
    issn = {1471-003X}
}

@article{Buzsaki2012TheSpikes,
    title = {{The origin of extracellular fields and currents — EEG, ECoG, LFP and spikes}},
    year = {2012},
    journal = {Nature Reviews Neuroscience},
    author = {Buzs{\'{a}}ki, György and Anastassiou, Costas A. and Koch, Christof},
    number = {6},
    month = {6},
    pages = {407--420},
    volume = {13},
    publisher = {Nature Publishing Group},
    url = {http://www.nature.com/articles/nrn3241},
    doi = {10.1038/nrn3241},
    issn = {1471-003X},
    keywords = {Cellular neuroscience, Computational neuroscience, Extracellular signalling molecules, Ion channels, Synaptic transmission}
}

@article{Brierley1950THESYSTEM,
    title = {{THE PENETRATION OF PARTICULATE MATTER FROM THE CEREBROSPINAL FLUID INTO THE SPINAL GANGLIA, PERIPHERAL NERVES, AND PERIVASCULAR SPACES OF THE CENTRAL NERVOUS SYSTEM}},
    year = {1950},
    journal = {J. Neurol. Neturosurg. Psychliat},
    author = {Brierley, J B},
    volume = {13},
    url = {http://jnnp.bmj.com/content/jnnp/13/3/203.full.pdf}
}

@article{Engell2011TheCortex,
    title = {{The relationship of gamma oscillations and face-specific ERPs recorded subdurally from occipitotemporal cortex}},
    year = {2011},
    journal = {Cerebral Cortex},
    author = {Engell, Andrew D. and McCarthy, Gregory},
    number = {5},
    pages = {1213--1221},
    volume = {21},
    isbn = {1460-2199 (Electronic){\textbackslash}r1047-3211 (Linking)},
    doi = {10.1093/cercor/bhq206},
    issn = {10473211},
    pmid = {20961973},
    keywords = {ECoG, ERP, face, gamma, vision}
}

@article{Massimini2004TheWave,
    title = {{The Sleep Slow Oscillation as a Traveling Wave}},
    year = {2004},
    journal = {Journal of Neuroscience},
    author = {Massimini, M.},
    number = {31},
    pages = {6862--6870},
    volume = {24},
    url = {http://www.jneurosci.org/cgi/doi/10.1523/JNEUROSCI.1318-04.2004},
    isbn = {1529-2401 (Electronic)},
    doi = {10.1523/JNEUROSCI.1318-04.2004},
    issn = {0270-6474},
    pmid = {15295020},
    keywords = {cortex, eeg, human, sleep, slow oscillation, spontaneous activity}
}

@article{Krause2017TheBrain,
    title = {{The sleep-deprived human brain}},
    year = {2017},
    journal = {Nature Reviews Neuroscience},
    author = {Krause, Adam J. and Simon, Eti Ben and Mander, Bryce A. and Greer, Stephanie M. and Saletin, Jared M. and Goldstein-Piekarski, Andrea N. and Walker, Matthew P.},
    number = {7},
    month = {5},
    pages = {404--418},
    volume = {18},
    publisher = {Nature Publishing Group},
    url = {http://www.nature.com/doifinder/10.1038/nrn.2017.55},
    doi = {10.1038/nrn.2017.55},
    issn = {1471-003X},
    keywords = {Attention, Learning and memory, Reward, Sleep deprivation, Working memory}
}

@article{Muller2014TheWave,
    title = {{The stimulus-evoked population response in visual cortex of awake monkey is a propagating wave}},
    year = {2014},
    journal = {Nature Communications},
    author = {Muller, Lyle and Reynaud, Alexandre and Chavane, Frédéric and Destexhe, Alain},
    month = {4},
    pages = {ncomms4675},
    volume = {5},
    publisher = {Nature Publishing Group},
    url = {http://www.nature.com/doifinder/10.1038/ncomms4675},
    doi = {10.1038/ncomms4675}
}

@article{Wu1997TheOxide,
    title = {{The synthesis of ATP by glycolytic enzymes in the postsynaptic density and the effect of endogenously generated nitric oxide}},
    year = {1997},
    journal = {Proceedings of the National Academy of Sciences},
    author = {Wu, K. and Aoki, C. and Elste, A. and Rogalski-Wilk, A. A. and Siekevitz, P. and Mach, Robert H. and Morris, John C. and Raichle, Marcus E. and Mintun, Mark A.},
    number = {24},
    month = {11},
    pages = {13273--13278},
    volume = {94},
    publisher = {National Academy of Sciences},
    url = {http://www.ncbi.nlm.nih.gov/pubmed/9371836 http://www.pubmedcentral.nih.gov/articlerender.fcgi?artid=PMC24299 http://www.pnas.org/cgi/doi/10.1073/pnas.94.24.13273},
    doi = {10.1073/pnas.94.24.13273},
    issn = {0027-8424},
    pmid = {9371836}
}

@article{Zhang2017ThetaNeocortex,
    title = {{Theta and alpha oscillations are traveling waves in the human neocortex}},
    year = {2017},
    journal = {bioRxiv},
    author = {Zhang, Honghui and Watrous, Andrew J and Patel, Ansh and Jacobs, Joshua},
    month = {11},
    pages = {218198},
    publisher = {Cold Spring Harbor Laboratory},
    url = {http://dx.doi.org/10.1101/218198},
    doi = {10.1101/218198}
}

@article{Zhang2018ThetaNeocortex.,
    title = {{Theta and Alpha Oscillations Are Traveling Waves in the Human Neocortex.}},
    year = {2018},
    journal = {Neuron},
    author = {Zhang, Honghui and Watrous, Andrew J and Patel, Ansh and Jacobs, Joshua},
    number = {0},
    month = {6},
    volume = {0},
    publisher = {Elsevier},
    url = {http://www.ncbi.nlm.nih.gov/pubmed/29887341},
    doi = {10.1016/j.neuron.2018.05.019},
    issn = {1097-4199},
    pmid = {29887341},
    keywords = {alpha, electrocorticography, electroencephalography, memory, oscillation, theta, traveling wave}
}

@article{Leibold2017TravelingCode,
    title = {{Traveling Theta Waves and the Hippocampal Phase Code}},
    year = {2017},
    journal = {Scientific Reports},
    author = {Leibold, Christian and Monsalve-Mercado, Mauro M.},
    number = {1},
    month = {12},
    pages = {7678},
    volume = {7},
    publisher = {Nature Publishing Group},
    url = {http://www.nature.com/articles/s41598-017-08053-3},
    doi = {10.1038/s41598-017-08053-3}
}

@article{2012TravelingCortex,
    title = {{Traveling Waves in Visual Cortex}},
    year = {2012},
    journal = {Neuron},
    number = {2},
    month = {7},
    pages = {218--229},
    volume = {75},
    publisher = {Cell Press},
    url = {http://www.sciencedirect.com/science/article/pii/S0896627312005910},
    doi = {10.1016/J.NEURON.2012.06.029},
    issn = {0896-6273}
}

@article{KiviniemiUltra-fastMechanisms,
    title = {{Ultra-fast magnetic resonance encephalography of physiological brain activity – Glymphatic pulsation mechanisms?}},
    author = {Kiviniemi, Vesa and Wang, Xindi and Korhonen, Vesa and Kein{\"{a}}nen, Tuija and Tuovinen, Timo and Autio, Joonas and Levan, Pierre and Keilholz, Shella and Zang, Yu-Feng and Rgen Hennig, Jü and Nedergaard, Maiken},
    url = {http://journals.sagepub.com/doi/pdf/10.1177/0271678X15622047},
    doi = {10.1177/0271678X15622047},
    keywords = {Resting state, blood oxygen level dependent, cardiorespiratory, glymphatics, magnetic resonance encephalography}
}

@article{deVivo2017UltrastructuralCycle,
    title = {{Ultrastructural Evidence for Synaptic Scaling Across the Wake/ sleep Cycle}},
    year = {2017},
    journal = {Science},
    author = {de Vivo, Luisa and Bellesi, Michele and Marshall, William and Bushong, Eric A and Ellisman, Mark H and Tononi, Giulio and Cirelli, Chiara},
    number = {6324},
    month = {2},
    pages = {507--510},
    volume = {355},
    publisher = {American Association for the Advancement of Science},
    url = {http://science.sciencemag.org/content/sci/355/6324/507.full.pdf http://www.ncbi.nlm.nih.gov/pubmed/28154076},
    isbn = {1095-9203 (Electronic){\textbackslash}r0036-8075 (Linking)},
    doi = {10.1126/science.aah5982},
    issn = {10959203},
    pmid = {28154076}
}

@article{Louveau2017UnderstandingLymphatics,
    title = {{Understanding the functions and relationships of the glymphatic system and meningeal lymphatics}},
    year = {2017},
    journal = {The Journal of Clinical Investigation},
    author = {Louveau, Antoine and Plog, Benjamin A. and Antila, Salli and Alitalo, Kari and Nedergaard, Maiken and Kipnis, Jonathan},
    number = {9},
    month = {9},
    pages = {3210--3219},
    volume = {127},
    publisher = {American Society for Clinical Investigation},
    url = {https://www.jci.org/articles/view/90603},
    doi = {10.1172/JCI90603},
    issn = {0021-9738},
    pmid = {0}
}

@article{Hyder2016UniformGlycolysis,
    title = {{Uniform distributions of glucose oxidation and oxygen extraction in gray matter of normal human brain: No evidence of regional differences of aerobic glycolysis}},
    year = {2016},
    journal = {Journal of Cerebral Blood Flow {\&} Metabolism},
    author = {Hyder, Fahmeed and Herman, Peter and Bailey, Christopher J and M{\o}ller, Arne and Globinsky, Ronen and Fulbright, Robert K and Rothman, Douglas L and Gjedde, Albert},
    number = {5},
    month = {5},
    pages = {903--916},
    volume = {36},
    publisher = {SAGE PublicationsSage UK: London, England},
    url = {http://journals.sagepub.com/doi/10.1177/0271678X15625349 http://journals.sagepub.com/doi/pdf/10.1177/0271678X15625349},
    doi = {10.1177/0271678X15625349},
    issn = {0271-678X},
    keywords = {Default mode network, PET, energy metabolism, fMRI, glutamate, neurophysiology}
}

@inproceedings{Yatsushiro2013VisualizationMapping,
    title = {{Visualization of pulsatile CSF motion separated by membrane-like structure based on four-dimensional phase-contrast (4D-PC) velocity mapping}},
    year = {2013},
    booktitle = {2013 35th Annual International Conference of the IEEE Engineering in Medicine and Biology Society (EMBC)},
    author = {Yatsushiro, Satoshi and Hirayama, Akihiro and Matsumae, Mitsunori and Kuroda, Kagayaki},
    month = {7},
    pages = {6470--6473},
    publisher = {IEEE},
    url = {http://ieeexplore.ieee.org/document/6611036/},
    isbn = {978-1-4577-0216-7},
    doi = {10.1109/EMBC.2013.6611036}
}

@article{Vannini2011WhatRetrieval,
    title = {{What Goes Down Must Come Up: Role of the Posteromedial Cortices in Encoding and Retrieval}},
    year = {2011},
    journal = {Cerebral Cortex},
    author = {Vannini, P. and O'Brien, J. and O'Keefe, K. and Pihlajamaki, M. and LaViolette, P. and Sperling, R. A.},
    number = {1},
    month = {1},
    pages = {22--34},
    volume = {21},
    publisher = {Oxford University Press},
    url = {https://academic.oup.com/cercor/article-lookup/doi/10.1093/cercor/bhq051},
    doi = {10.1093/cercor/bhq051},
    issn = {1047-3211},
    keywords = {episodic memory, memory, neurodegenerative disorders}
}

@article{Fujioka20171Brain.,
    title = {{{$\beta$}1 integrin signaling promotes neuronal migration along vascular scaffolds in the post-stroke brain.}},
    year = {2017},
    journal = {EBioMedicine},
    author = {Fujioka, Teppei and Kaneko, Naoko and Ajioka, Itsuki and Nakaguchi, Kanako and Omata, Taichi and Ohba, Honoka and F{\"{a}}ssler, Reinhard and Garc{\'{i}}a-Verdugo, José Manuel and Sekiguchi, Kiyotoshi and Matsukawa, Noriyuki and Sawamoto, Kazunobu},
    month = {2},
    pages = {195--203},
    volume = {16},
    publisher = {Elsevier},
    url = {http://www.ncbi.nlm.nih.gov/pubmed/28153772 http://www.pubmedcentral.nih.gov/articlerender.fcgi?artid=PMC5474439},
    doi = {10.1016/j.ebiom.2017.01.005},
    issn = {2352-3964},
    pmid = {28153772},
    keywords = {Blood vessel, Chain migration, Laminin, Stroke, Vasculature-guided migration, {$\beta$}1 integrin}
}